2976 4986
541 337 788 410 ...45-

111 533 184 598 libri
199 530 289 594 nobis
310 527 472 594 ostendunt
485 535 520 606 ¹).
562 527 716 608 liquibus
737 545 825 608 quum
846 526 1000 597 homiuum
1015 527 1214 596 condiciones
1288 519 1291 526 ’

114 649 149 704 ct
170 641 270 703 officia
291 645 321 701 ct
341 655 459 716 moros,
477 655 607 724 quorum·
623 621 654 698 in
676 638 820 700 scaenica
842 637 929 716 poesi
952 637 1141 718 potissimum
1160 657 1216 702 ru-

114 751 160 812 tio
186 746 326 810 habenda
347 754 405 828 est,
427 746 631 828 cognoveris,
652 751 713 810 turn
743 752 885 808 accurate
915 746 1029 825 poteris
1051 763 1088 807 ea
1107 747 1217 810 imitari

115 864 148 930 cl
168 859 314 938 cuiusque
344 872 495 937 personae
516 861 617 936 partes
638 854 686 922 ,ad
709 860 835 916 naturae
857 855 1015 917 veritatem
1036 856 1139 919 uerbis
1160 873 1218 918 exe

117 967 261 1047 primere
305 963 522 1052 Neque‘enim‚
545 962 571 1024 si
598 980 662 1024 reru
687 961 851 1043 prudentor
865 961 1075 1041 intellexeris,
1095 971 1165 1044 apta
1187 972 1217 1026 te

119 1073 262 1138 deficient
281 1071 386 1135 *verua
399 1077 438 1148 2).
480 1070 646 1134 scaenicus
664 1075 768 1130 'autern
790 1073 902 1149 poeta,
927 1070 975 1134 cui
996 1071 1087 1134 vitani
1108 1073 1218 1137 huma-

116 1178 528 1260 namiruitariproposilunr
550 1183 615 1256 cst,
646 1194 708 1238 non
730 1176 827 1238 solum
855 1175 1067 1258 philosophiae
1093 1199 1218 1261 operam

123 1305 256 1366 navare,
280 1286 335 1350 sed
357 1288 446 1348 ctiam
466 1286 557 1348 vitain
579 1287 679 1365 ipsam'
696 1285 860 1366 diligenter·
881 1285 971 1348 debet
992 1289 1163 1368 explorare,
1186 1297 1220 1353 ut

125 1412 230 1458 ornnes
256 1395 322 1458 eius
354 1379 479 1475 partes,
506 1393 642 1456 rationes
666 1399 754 1472 atque
785 1391 937 1456 hominum
957 1372 1073 1458 'mores
1101 1400 1222 1478 penitus

127 1510 312 1584 cognoscat,
344 1502 425 1566 unde
455 1518 559 1564 veram
591 1507 622 1562 et
658 1499 851 1581 quotidianae
882 1503 1091 1566 consuetudini
1123 1512 1221 1585 aptam

126 1613 291 1674 orationem
323 1611 502 1692 depromere
535 1611 656 1692 possit..
684 1609 836 1674 Interdum
865 1610 944 1673 enim
965 1611 1064 1674 tabula
1087 1613 1222 1676 moribus

124 1727 208 1782 recte
227 1718 386 1800 descriptis
404 1722 431 1798 3)
455 1736 492 1781 ac
509 1719 666 1782 sententiis
680 1724 748 1800 apte
762 1718 906 1780 instructa
922 1725 953 1780 et
967 1726 1084 1798 ornata,
1105 1721 1224 1783 etiarnsi
1330 1789 1338 1798 ,

125 1828 305 1908 ceteroquin
330 1828 411 1890 ornni
443 1833 554 1888 ornatu
574 1831 605 1887 et
631 1831 791 1888 venustate
812 1824 973 1888 verborum
996 1829 1136 1908 omnique
1159 1835 1223 1892 arie

123 1935 329 2016 etgravitat'e
351 1939 472 2010 careat,
502 1933 600 2013 magis
620 1935 741 2009 tamen,
763 1949 851 2011 pum
883 1930 922 1995 ad
952 1931 1034 1994 vitae
1065 1935 1221 1998 ueritatem

122 2045 261 2124 proxune
286 2040 438 2119 accedat,
469 2039 609 2124 populum
641 2037 771 2100 delectat
792 2045 823 2100 et
843 2039 976 2117 retinet,
1007 2039 1095 2120 qrrarn
1114 2059 1224 2106 versus

124 2169 225 2217 rerum
247 2156 386 2230 expertos
409 2155 497 2228 atque
518 2148 624 2208 inanes
645 2145 807 2209 verbonun
826 2147 1019 2227 strepitust).

215 2254 324 2342 Atque
351 2257 414 2322 illo
442 2276 481 2322 ae
516 2245 749 2320 excelluerunt
770 2251 915 2344 Graeci,
943 2273 1037 2340 quun
1067 2260 1228 2340 sapertun

130 2366 243 2451 studio
263 2369 414 2450 ortisque
435 2363 587 2438 cincinno
616 2361 832 2438 eucolerentr
864 2359 1003 2428 Romani
1025 2371 1143 2431 contro
1164 2385 1228 2432 nore

129 2471 352 2558 quaerebant,
375 2475 442 2540 nisi
468 2491 551 2557 quoe
586 2471 630 2536 acl
652 2475 773 2537 notun
807 2469 993 2556 colliumque
1012 2475 1225 2556 pertinerent.

130 2588 178 2657 (v.
201 2577 273 2641 323.
294 2595 391 2658 usquc
413 2577 452 2642 ad
473 2578 603 2658 3390..
668 2587 670 2592 ·

218 2683 327 2750 Graeci
340 2685 472 2766 quidem,
494 2673 634 2768 Horatius
654 2686 764 2768 pergit,
785 2692 817 2748 et
833 2682 997 2768 ingolini)
1020 2692 1051 2748 ot
1069 2685 1228 2752 emendate

127 2791 220 2874 polite
242 2799 409 2874 ornateque
431 2794 559 2862 ‚dicendi
584 2791 724 2856 facultate
746 2793 874 2874 praediti
894 2801 1000 2872 eraut,
1030 2795 1062 2855 in
1084 2810 1141 2875 qua
1163 2794 1228 2856 sola

131 2920 276 2966 suminam
295 2901 414 2963 laudem
441 2905 625 2980 posuerunt,
651 2915 751 2978 neque
775 2899 924 2978 pecuniae
952 2899 1114 2980 cupiditate
1149 2899 1229 2962 ducti

132 3009 170 3071 ad
193 3008 385 3072 scribendum
408 3025 478 3070 sese
508 3006 700 3088 applicarunt.
744 3007 871 3072 Romani
892 3014 1006 3085 autern,
1026 3009 1162 3089 quamvis
1181 3009 1231 3070 in-

134 3118 225 3198 genio
245 3135 308 3181 non
330 3117 454 3178 omnino
477 3113 752 3193 destituti‚'ta1ncn
780 3115 811 3176 in
833 3122 898 3177 erte
918 3118 1038 3197 poetica
1063 3134 1125 3180 non
1152 3117 1231 3179 niul-

133 3232 192 3288 tunr
214 3227 362 3306 prolicere
383 3227 559 3302 potuerunt,
585 3239 675 3302 qutun
697 3219 840 3285 educatio
873 3239 978 3286 eorum
1003 3241 1067 3288 non
1096 3209 1177 3287 artes
1201 3231 1231 3287 et

133 3335 261 3413 litteras,
284 3333 339 3398 sed
362 3337 517 3413 quaestum
539 3330 679 3411 vitaeque
703 3329 861 3394 commoda
877 3337 1038 3412 spectaret.
1052 3335 1083 3409 ⁶)
1104 3332 1230 3394 Alvero

130 3441 275 3526 lromines
305 3440 437 3503 habendi
473 3455 577 3501 amore
599 3440 678 3520 capti
697 3439 827 3502 minime
849 3443 990 3521 poemata
1012 3441 1150 3506 omnibus
1170 3459 1232 3504 nu-

135 3611 421 3626 man——

187 3697 213 3768 1)
232 3693 271 3746 Cf.
293 3693 347 3746 cio.
369 3694 438 3748 Orat.
459 3693 544 3760 5,1o‚
565 3693 732 3760 ec33,118.

238 3797 277 3852 Cf.
297 3797 352 3850 Cic.
372 3798 404 3850 dc
424 3799 493 3852 Orat.
509 3799 561 3868 111,
580 3797 624 3848 31.

235 3901 274 3952 Ol.
297 3901 409 3953 Goeller.
430 3901 461 3952 ad
482 3901 535 3954 Cic.
553 3901 622 3955 Orat.
640 3919 665 3972 p.
685 3903 745 3954 252.

234 4005 273 4056 Cl.
291 4007 345 4058 Cic.
364 4005 381 4055 l.
400 4005 417 4055 l.
438 4008 457 4069 l,
478 4007 518 4057 12.

234 4108 273 4160 Cl.
295 4107 360 4175 Epp.
381 4111 414 4170 ll,
438 4110 462 4172 1,
484 4108 517 4160 93
536 4125 592 4177 sqq.

213 4217 221 4280 ‘p
242 4211 281 4264 Cf.
304 4211 370 4280 Epp.
391 4212 425 4276 ii,
448 4213 471 4275 1,
493 4213 541 4263 103
560 4229 615 4281 sqq.
