<?xml version="1.0" encoding="UTF-8"?>
<!DOCTYPE html PUBLIC "-//W3C//DTD XHTML 1.0 Transitional//EN"
    "http://www.w3.org/TR/xhtml1/DTD/xhtml1-transitional.dtd">
<html xmlns="http://www.w3.org/1999/xhtml" xml:lang="en" lang="en">
 <head>
  <title>
</title>
<meta http-equiv="Content-Type" content="text/html;charset=utf-8" />
  <meta name='ocr-system' content='tesseract 3.04.00' />
  <meta name='ocr-capabilities' content='ocr_page ocr_carea ocr_par ocr_line ocrx_word'/>
</head>
<body>
  <div class='ocr_page' id='page_1' title='image "./dequintihoratii00hilggoog_0022.png"; bbox 0 0 2976 4986; ppageno 0'>
   <div class='ocr_carea' id='block_1_1' title="bbox 576 337 817 400">
    <p class='ocr_par' dir='ltr' id='par_1_1' title="bbox 576 337 817 400">
     <span class='ocr_line' id='line_1_1' title="bbox 576 337 817 400; baseline 0 -18"><span class='ocrx_word' id='word_1_1' title='bbox 576 337 817 400; x_wconf 73' lang='lat'>..11-</span> 
     </span>
    </p>
   </div>
   <div class='ocr_carea' id='block_1_2' title="bbox 138 518 1249 1034">
    <p class='ocr_par' dir='ltr' id='par_1_2' title="bbox 141 518 1249 713">
     <span class='ocr_line' id='line_1_2' title="bbox 141 518 1249 604; baseline -0.002 -16"><span class='ocrx_word' id='word_1_2' title='bbox 141 530 206 588; x_wconf 85' lang='lat' dir='ltr'><strong>tum</strong></span> <span class='ocrx_word' id='word_1_3' title='bbox 229 520 368 598; x_wconf 80' lang='lat' dir='ltr'><strong>discedit,</strong></span> <span class='ocrx_word' id='word_1_4' title='bbox 391 519 471 602; x_wconf 90' lang='lat' dir='ltr'><strong>quod</strong></span> <span class='ocrx_word' id='word_1_5' title='bbox 496 518 633 582; x_wconf 82' lang='lat' dir='ltr'><strong>Pisonem</strong></span> <span class='ocrx_word' id='word_1_6' title='bbox 656 527 726 584; x_wconf 90' lang='lat' dir='ltr'><strong>nalo</strong></span> <span class='ocrx_word' id='word_1_7' title='bbox 746 519 890 584; x_wconf 86' lang='lat' dir='ltr'><strong>rnaiorem</strong></span> <span class='ocrx_word' id='word_1_8' title='bbox 915 520 1043 590; x_wconf 76' lang='lat' dir='ltr'><strong>subdam</strong></span> <span class='ocrx_word' id='word_1_9' title='bbox 1065 539 1249 604; x_wconf 87' lang='lat' dir='ltr'><strong>componere</strong></span> 
     </span>
     <span class='ocr_line' id='line_1_3' title="bbox 142 630 540 713; baseline -0.02 -15"><span class='ocrx_word' id='word_1_10' title='bbox 142 633 205 698; x_wconf 86' lang='lat' dir='ltr'><strong>sihi</strong></span> <span class='ocrx_word' id='word_1_11' title='bbox 227 630 425 713; x_wconf 82' lang='lat' dir='ltr'><strong>proposuisse</strong></span> <span class='ocrx_word' id='word_1_12' title='bbox 450 635 540 709; x_wconf 88' lang='lat' dir='ltr'><strong>putat.</strong></span> 
     </span>
    </p>

    <p class='ocr_par' dir='ltr' id='par_1_3' title="bbox 138 733 1249 1034">
     <span class='ocr_line' id='line_1_4' title="bbox 230 733 1246 818; baseline -0.003 -13"><span class='ocrx_word' id='word_1_13' title='bbox 230 741 298 806; x_wconf 89' lang='lat' dir='ltr'><strong>Hoc</strong></span> <span class='ocrx_word' id='word_1_14' title='bbox 320 738 451 817; x_wconf 85' lang='lat' dir='ltr'><strong>denique</strong></span> <span class='ocrx_word' id='word_1_15' title='bbox 471 736 541 798; x_wconf 90' lang='lat' dir='ltr'><strong>loco</strong></span> <span class='ocrx_word' id='word_1_16' title='bbox 562 733 763 800; x_wconf 87' lang='lat' dir='ltr'><strong>nominandus</strong></span> <span class='ocrx_word' id='word_1_17' title='bbox 786 742 834 798; x_wconf 92' lang='lat' dir='ltr'><strong>est</strong></span> <span class='ocrx_word' id='word_1_18' title='bbox 849 735 993 815; x_wconf 67' lang='lat' dir='ltr'><strong>lincolina</strong></span> <span class='ocrx_word' id='word_1_19' title='bbox 1013 744 1050 816; x_wconf 85' lang='lat'><strong>¹),</strong></span> <span class='ocrx_word' id='word_1_20' title='bbox 1073 737 1136 818; x_wconf 86' lang='lat' dir='ltr'><strong>qui,</strong></span> <span class='ocrx_word' id='word_1_21' title='bbox 1158 755 1246 818; x_wconf 86' lang='lat' dir='ltr'><strong>quum</strong></span> 
     </span>
     <span class='ocr_line' id='line_1_5' title="bbox 147 844 1248 925; baseline -0.002 -13"><span class='ocrx_word' id='word_1_22' title='bbox 147 847 262 912; x_wconf 74' lang='lat' dir='ltr'><strong>Hordei</strong></span> <span class='ocrx_word' id='word_1_23' title='bbox 293 847 473 910; x_wconf 87' lang='lat' dir='ltr'><strong>sententiam</strong></span> <span class='ocrx_word' id='word_1_24' title='bbox 507 862 568 908; x_wconf 93' lang='lat' dir='ltr'><strong>non</strong></span> <span class='ocrx_word' id='word_1_25' title='bbox 596 844 735 920; x_wconf 89' lang='lat' dir='ltr'><strong>omnibus</strong></span> <span class='ocrx_word' id='word_1_26' title='bbox 766 846 908 910; x_wconf 87' lang='lat' dir='ltr'><strong>carminis</strong></span> <span class='ocrx_word' id='word_1_27' title='bbox 923 845 1058 925; x_wconf 83' lang='lat' dir='ltr'><strong>partibus</strong></span> <span class='ocrx_word' id='word_1_28' title='bbox 1081 847 1248 910; x_wconf 80' lang='lat' dir='ltr'><strong>eonvenite</strong></span> 
     </span>
     <span class='ocr_line' id='line_1_6' title="bbox 138 954 1249 1034; baseline -0.005 -12"><span class='ocrx_word' id='word_1_29' title='bbox 138 965 181 1022; x_wconf 73' lang='lat' dir='ltr'><strong>‚ot</strong></span> <span class='ocrx_word' id='word_1_30' title='bbox 209 955 373 1018; x_wconf 75' lang='lat' dir='ltr'><strong>ttictoootit</strong></span> <span class='ocrx_word' id='word_1_31' title='bbox 395 956 599 1018; x_wconf 89' lang='lat' dir='ltr'><strong>coniecturam</strong></span> <span class='ocrx_word' id='word_1_32' title='bbox 624 955 712 1019; x_wconf 86' lang='lat' dir='ltr'><strong>nimis</strong></span> <span class='ocrx_word' id='word_1_33' title='bbox 733 955 924 1018; x_wconf 80' lang='lat' dir='ltr'><strong>artificiosam</strong></span> <span class='ocrx_word' id='word_1_34' title='bbox 947 955 1085 1034; x_wconf 79' lang='lat' dir='ltr'><strong>iustoque</strong></span> <span class='ocrx_word' id='word_1_35' title='bbox 1099 954 1249 1018; x_wconf 60' lang='lat' dir='ltr'><strong>audacio-</strong></span> 
     </span>
    </p>
   </div>
   <div class='ocr_carea' id='block_1_3' title="bbox 149 1061 1388 1144">
    <p class='ocr_par' dir='ltr' id='par_1_4' title="bbox 149 1061 1388 1144">
     <span class='ocr_line' id='line_1_7' title="bbox 149 1061 1388 1144; baseline 0 -16"><span class='ocrx_word' id='word_1_36' title='bbox 149 1083 212 1128; x_wconf 91' lang='lat' dir='ltr'><strong>rem</strong></span> <span class='ocrx_word' id='word_1_37' title='bbox 236 1082 303 1126; x_wconf 89' lang='lat' dir='ltr'><strong>esse</strong></span> <span class='ocrx_word' id='word_1_38' title='bbox 323 1063 460 1141; x_wconf 84' lang='lat' dir='ltr'><strong>videret,</strong></span> <span class='ocrx_word' id='word_1_39' title='bbox 480 1064 558 1126; x_wconf 88' lang='lat' dir='ltr'><strong>inter</strong></span> <span class='ocrx_word' id='word_1_40' title='bbox 576 1071 733 1144; x_wconf 76' lang='lat' dir='ltr'><strong>utmmuua</strong></span> <span class='ocrx_word' id='word_1_41' title='bbox 754 1061 883 1127; x_wconf 89' lang='lat' dir='ltr'><strong>mediam</strong></span> <span class='ocrx_word' id='word_1_42' title='bbox 902 1063 980 1124; x_wconf 88' lang='lat' dir='ltr'><strong>viam</strong></span> <span class='ocrx_word' id='word_1_43' title='bbox 1012 1069 1118 1126; x_wconf 89' lang='lat' dir='ltr'><strong>tenens</strong></span> <span class='ocrx_word' id='word_1_44' title='bbox 1137 1061 1248 1128; x_wconf 80' lang='lat' dir='ltr'><strong>Hurxllt&#39;</strong></span> <span class='ocrx_word' id='word_1_45' title='bbox 1308 1091 1311 1094; x_wconf 95' lang='lat'>·</span> <span class='ocrx_word' id='word_1_46' title='bbox 1382 1087 1388 1106; x_wconf 87' lang='grc'>·</span> 
     </span>
    </p>
   </div>
   <div class='ocr_carea' id='block_1_4' title="bbox 148 1153 1307 3526">
    <p class='ocr_par' dir='ltr' id='par_1_5' title="bbox 148 1153 1307 3088">
     <span class='ocr_line' id='line_1_8' title="bbox 153 1153 1248 1254; baseline 0 -20"><span class='ocrx_word' id='word_1_47' title='bbox 153 1181 184 1234; x_wconf 87' lang='lat' dir='ltr'><strong>et</strong></span> <span class='ocrx_word' id='word_1_48' title='bbox 204 1171 372 1236; x_wconf 74' lang='lat' dir='ltr'><strong>Sonodorrd</strong></span> <span class='ocrx_word' id='word_1_49' title='bbox 384 1174 541 1238; x_wconf 85' lang='lat' dir='ltr'><strong>sententiis</strong></span> <span class='ocrx_word' id='word_1_50' title='bbox 560 1173 729 1236; x_wconf 81' lang='lat' dir='ltr'><strong>coniunctis</strong></span> <span class='ocrx_word' id='word_1_51' title='bbox 750 1170 829 1235; x_wconf 89' lang='lat' dir='ltr'><strong>hanc</strong></span> <span class='ocrx_word' id='word_1_52' title='bbox 848 1171 1004 1252; x_wconf 87' lang='lat' dir='ltr'><strong>epistolam</strong></span> <span class='ocrx_word' id='word_1_53' title='bbox 1019 1153 1140 1234; x_wconf 79' lang='lat' dir='ltr'><strong>laudae</strong></span> <span class='ocrx_word' id='word_1_54' title='bbox 1155 1188 1248 1254; x_wconf 84' lang='lat' dir='ltr'><strong>scaa-</strong></span> 
     </span>
     <span class='ocr_line' id='line_1_9' title="bbox 154 1279 1249 1362; baseline -0.004 -18"><span class='ocrx_word' id='word_1_55' title='bbox 154 1281 240 1354; x_wconf 85' lang='lat' dir='ltr'><strong>nicae</strong></span> <span class='ocrx_word' id='word_1_56' title='bbox 262 1281 405 1362; x_wconf 83' lang='lat' dir='ltr'><strong>imprimis</strong></span> <span class='ocrx_word' id='word_1_57' title='bbox 428 1281 545 1345; x_wconf 85' lang='lat' dir='ltr'><strong>ratione</strong></span> <span class='ocrx_word' id='word_1_58' title='bbox 567 1280 667 1348; x_wconf 86' lang='lat' dir='ltr'><strong>habita</strong></span> <span class='ocrx_word' id='word_1_59' title='bbox 695 1287 726 1343; x_wconf 90' lang='lat' dir='ltr'><strong>et</strong></span> <span class='ocrx_word' id='word_1_60' title='bbox 758 1283 915 1362; x_wconf 68' lang='lat' dir='ltr'><strong>postorum</strong></span> <span class='ocrx_word' id='word_1_61' title='bbox 936 1286 966 1342; x_wconf 92' lang='lat' dir='ltr'><strong>et</strong></span> <span class='ocrx_word' id='word_1_62' title='bbox 990 1280 1161 1342; x_wconf 81' lang='lat' dir='ltr'><strong>criticorum</strong></span> <span class='ocrx_word' id='word_1_63' title='bbox 1183 1279 1249 1340; x_wconf 83' lang='lat' dir='ltr'><strong>Ho-</strong></span> 
     </span>
     <span class='ocr_line' id='line_1_10' title="bbox 152 1387 1248 1468; baseline 0 -20"><span class='ocrx_word' id='word_1_64' title='bbox 152 1405 309 1452; x_wconf 90' lang='lat' dir='ltr'><strong>manorum</strong></span> <span class='ocrx_word' id='word_1_65' title='bbox 326 1389 549 1452; x_wconf 73' lang='lat' dir='ltr'><strong>correctionem</strong></span> <span class='ocrx_word' id='word_1_66' title='bbox 565 1407 635 1452; x_wconf 88' lang='lat' dir='ltr'><strong>esse</strong></span> <span class='ocrx_word' id='word_1_67' title='bbox 653 1389 848 1452; x_wconf 83' lang='lat' dir='ltr'><strong>confirmavit.</strong></span> <span class='ocrx_word' id='word_1_68' title='bbox 890 1387 939 1450; x_wconf 80' lang='lat' dir='ltr'><strong>Ad</strong></span> <span class='ocrx_word' id='word_1_69' title='bbox 959 1403 1047 1468; x_wconf 73' lang='lat' dir='ltr'><strong>pram</strong></span> <span class='ocrx_word' id='word_1_70' title='bbox 1069 1387 1248 1450; x_wconf 84' lang='lat' dir='ltr'><strong>sententiam</strong></span> 
     </span>
     <span class='ocr_line' id='line_1_11' title="bbox 153 1489 1247 1576; baseline 0.001 -22"><span class='ocrx_word' id='word_1_71' title='bbox 153 1493 292 1556; x_wconf 86' lang='lat' dir='ltr'><strong>tuendam</strong></span> <span class='ocrx_word' id='word_1_72' title='bbox 322 1501 488 1574; x_wconf 89' lang='lat' dir='ltr'><strong>praeeunte</strong></span> <span class='ocrx_word' id='word_1_73' title='bbox 516 1493 634 1558; x_wconf 82' lang='lat' dir='ltr'><strong>Hnrdio</strong></span> <span class='ocrx_word' id='word_1_74' title='bbox 668 1489 875 1576; x_wconf 75' lang='lat' dir='ltr'><strong>argumentur</strong></span> <span class='ocrx_word' id='word_1_75' title='bbox 894 1495 925 1556; x_wconf 91' lang='lat' dir='ltr'><strong>in</strong></span> <span class='ocrx_word' id='word_1_76' title='bbox 951 1499 1013 1558; x_wconf 90' lang='lat' dir='ltr'><strong>tres</strong></span> <span class='ocrx_word' id='word_1_77' title='bbox 1034 1501 1136 1576; x_wconf 89' lang='lat' dir='ltr'><strong>partes</strong></span> <span class='ocrx_word' id='word_1_78' title='bbox 1160 1512 1247 1557; x_wconf 55' lang='lat' dir='ltr'><strong>com„</strong></span> 
     </span>
     <span class='ocr_line' id='line_1_12' title="bbox 156 1601 1307 1685; baseline 0.006 -21"><span class='ocrx_word' id='word_1_79' title='bbox 156 1601 236 1664; x_wconf 92' lang='lat' dir='ltr'><strong>muni</strong></span> <span class='ocrx_word' id='word_1_80' title='bbox 261 1601 380 1666; x_wconf 89' lang='lat' dir='ltr'><strong>vinculo</strong></span> <span class='ocrx_word' id='word_1_81' title='bbox 395 1610 536 1668; x_wconf 81' lang='lat' dir='ltr'><strong>carentes</strong></span> <span class='ocrx_word' id='word_1_82' title='bbox 557 1602 669 1681; x_wconf 84' lang='lat' dir='ltr'><strong>divisit,</strong></span> <span class='ocrx_word' id='word_1_83' title='bbox 691 1621 753 1685; x_wconf 81' lang='lat' dir='ltr'><strong>quu-</strong></span> <span class='ocrx_word' id='word_1_84' title='bbox 771 1603 895 1685; x_wconf 77' lang='lat' dir='ltr'><strong>ratione·</strong></span> <span class='ocrx_word' id='word_1_85' title='bbox 907 1620 996 1666; x_wconf 88' lang='lat' dir='ltr'><strong>unam</strong></span> <span class='ocrx_word' id='word_1_86' title='bbox 1010 1603 1151 1666; x_wconf 87' lang='lat' dir='ltr'><strong>camninis</strong></span> <span class='ocrx_word' id='word_1_87' title='bbox 1172 1619 1248 1682; x_wconf 90' lang='lat' dir='ltr'><strong>spe-</strong></span> <span class='ocrx_word' id='word_1_88' title='bbox 1305 1666 1307 1671; x_wconf 89' lang='lat'><em>.</em></span> 
     </span>
     <span class='ocr_line' id='line_1_13' title="bbox 152 1693 1250 1794; baseline -0.003 -23"><span class='ocrx_word' id='word_1_89' title='bbox 152 1710 230 1772; x_wconf 89' lang='lat' dir='ltr'><strong>ciem</strong></span> <span class='ocrx_word' id='word_1_90' title='bbox 250 1717 282 1774; x_wconf 90' lang='lat' dir='ltr'><strong>et</strong></span> <span class='ocrx_word' id='word_1_91' title='bbox 303 1711 450 1789; x_wconf 79' lang='lat' dir='ltr'><strong>sormam,</strong></span> <span class='ocrx_word' id='word_1_92' title='bbox 471 1730 560 1792; x_wconf 87' lang='lat' dir='ltr'><strong>quam</strong></span> <span class='ocrx_word' id='word_1_93' title='bbox 581 1715 798 1790; x_wconf 86' lang='lat' dir='ltr'><strong>constituerat,</strong></span> <span class='ocrx_word' id='word_1_94' title='bbox 822 1693 940 1794; x_wconf 77' lang='lat' dir='ltr'><strong>evertit</strong></span> <span class='ocrx_word' id='word_1_95' title='bbox 981 1709 1101 1792; x_wconf 73' lang='lat' dir='ltr'><strong>Enpelii</strong></span> <span class='ocrx_word' id='word_1_96' title='bbox 1122 1717 1250 1774; x_wconf 50' lang='lat' dir='ltr'><strong>sentens</strong></span> 
     </span>
     <span class='ocr_line' id='line_1_14' title="bbox 149 1816 1249 1899; baseline -0.001 -21"><span class='ocrx_word' id='word_1_97' title='bbox 149 1816 211 1878; x_wconf 90' lang='lat' dir='ltr'><strong>tiae</strong></span> <span class='ocrx_word' id='word_1_98' title='bbox 232 1816 376 1889; x_wconf 80' lang='lat' dir='ltr'><strong>adsentiri</strong></span> <span class='ocrx_word' id='word_1_99' title='bbox 397 1817 516 1880; x_wconf 79' lang='lat' dir='ltr'><strong>videtur</strong></span> <span class='ocrx_word' id='word_1_100' title='bbox 537 1818 632 1883; x_wconf 82' lang='lat' dir='ltr'><strong>Lacr.</strong></span> <span class='ocrx_word' id='word_1_101' title='bbox 655 1817 778 1882; x_wconf 79' lang='lat' dir='ltr'><strong>Soilius</strong></span> <span class='ocrx_word' id='word_1_102' title='bbox 795 1824 843 1896; x_wconf 88' lang='lat'><strong>²),</strong></span> <span class='ocrx_word' id='word_1_103' title='bbox 869 1835 957 1899; x_wconf 89' lang='lat' dir='ltr'><strong>quum</strong></span> <span class='ocrx_word' id='word_1_104' title='bbox 977 1817 1008 1879; x_wconf 90' lang='lat' dir='ltr'><strong>in</strong></span> <span class='ocrx_word' id='word_1_105' title='bbox 1028 1816 1115 1882; x_wconf 89' lang='lat' dir='ltr'><strong>huius</strong></span> <span class='ocrx_word' id='word_1_106' title='bbox 1137 1820 1249 1880; x_wconf 69' lang='lat' dir='ltr'><strong>carmi-</strong></span> 
     </span>
     <span class='ocr_line' id='line_1_15' title="bbox 149 1923 1249 2010; baseline 0.002 -22"><span class='ocrx_word' id='word_1_107' title='bbox 149 1926 198 1988; x_wconf 89' lang='lat' dir='ltr'><strong>nis</strong></span> <span class='ocrx_word' id='word_1_108' title='bbox 210 1927 305 2008; x_wconf 86' lang='lat' dir='ltr'><strong>prima</strong></span> <span class='ocrx_word' id='word_1_109' title='bbox 321 1935 405 2008; x_wconf 86' lang='lat' dir='ltr'><strong>parte</strong></span> <span class='ocrx_word' id='word_1_110' title='bbox 419 1928 573 1998; x_wconf 77' lang='lat' dir='ltr'><strong>Horatium</strong></span> <span class='ocrx_word' id='word_1_111' title='bbox 595 1928 634 1990; x_wconf 92' lang='lat' dir='ltr'><strong>de</strong></span> <span class='ocrx_word' id='word_1_112' title='bbox 657 1929 744 2010; x_wconf 74' lang='lat' dir='ltr'><strong>poesi</strong></span> <span class='ocrx_word' id='word_1_113' title='bbox 762 1929 793 1992; x_wconf 95' lang='lat' dir='ltr'><strong>in</strong></span> <span class='ocrx_word' id='word_1_114' title='bbox 808 1942 935 2010; x_wconf 80' lang='lat' dir='ltr'><strong>genere,</strong></span> <span class='ocrx_word' id='word_1_115' title='bbox 956 1927 989 1990; x_wconf 91' lang='lat' dir='ltr'><strong>in</strong></span> <span class='ocrx_word' id='word_1_116' title='bbox 1005 1923 1098 1990; x_wconf 85' lang='lat' dir='ltr'><strong>altera</strong></span> <span class='ocrx_word' id='word_1_117' title='bbox 1113 1926 1152 1989; x_wconf 89' lang='lat' dir='ltr'><strong>de</strong></span> <span class='ocrx_word' id='word_1_118' title='bbox 1175 1925 1249 1990; x_wconf 82' lang='lat' dir='ltr'><strong>dra-</strong></span> 
     </span>
     <span class='ocr_line' id='line_1_16' title="bbox 152 2035 1248 2119; baseline 0 -21"><span class='ocrx_word' id='word_1_119' title='bbox 152 2037 261 2098; x_wconf 88' lang='lat' dir='ltr'><strong>matica</strong></span> <span class='ocrx_word' id='word_1_120' title='bbox 283 2039 460 2118; x_wconf 86' lang='lat' dir='ltr'><strong>praesertim</strong></span> <span class='ocrx_word' id='word_1_121' title='bbox 480 2038 584 2119; x_wconf 68' lang='lat' dir='ltr'><strong>poesi,</strong></span> <span class='ocrx_word' id='word_1_122' title='bbox 603 2039 634 2101; x_wconf 90' lang='lat' dir='ltr'><strong>in</strong></span> <span class='ocrx_word' id='word_1_123' title='bbox 655 2038 743 2100; x_wconf 87' lang='lat' dir='ltr'><strong>tertia</strong></span> <span class='ocrx_word' id='word_1_124' title='bbox 765 2037 803 2100; x_wconf 90' lang='lat' dir='ltr'><strong>de</strong></span> <span class='ocrx_word' id='word_1_125' title='bbox 825 2035 933 2104; x_wconf 79' lang='lat' dir='ltr'><strong>uotum</strong></span> <span class='ocrx_word' id='word_1_126' title='bbox 955 2041 987 2098; x_wconf 85' lang='lat' dir='ltr'><strong>et</strong></span> <span class='ocrx_word' id='word_1_127' title='bbox 1006 2035 1116 2098; x_wconf 82' lang='lat' dir='ltr'><strong>officiis</strong></span> <span class='ocrx_word' id='word_1_128' title='bbox 1138 2039 1248 2116; x_wconf 78' lang='lat' dir='ltr'><strong>poetae</strong></span> 
     </span>
     <span class='ocr_line' id='line_1_17' title="bbox 152 2140 1248 2224; baseline 0.002 -22"><span class='ocrx_word' id='word_1_129' title='bbox 152 2161 245 2224; x_wconf 81' lang='lat' dir='ltr'><strong>agere</strong></span> <span class='ocrx_word' id='word_1_130' title='bbox 267 2146 412 2208; x_wconf 86' lang='lat' dir='ltr'><strong>statuerit.</strong></span> <span class='ocrx_word' id='word_1_131' title='bbox 455 2145 502 2207; x_wconf 88' lang='lat' dir='ltr'><strong>De</strong></span> <span class='ocrx_word' id='word_1_132' title='bbox 516 2141 666 2221; x_wconf 89' lang='lat' dir='ltr'><strong>consilio,</strong></span> <span class='ocrx_word' id='word_1_133' title='bbox 686 2141 767 2223; x_wconf 89' lang='lat' dir='ltr'><strong>quod</strong></span> <span class='ocrx_word' id='word_1_134' title='bbox 787 2145 878 2222; x_wconf 76' lang='lat' dir='ltr'><strong>poeta</strong></span> <span class='ocrx_word' id='word_1_135' title='bbox 900 2140 959 2204; x_wconf 87' lang='lat' dir='ltr'><strong>sihi</strong></span> <span class='ocrx_word' id='word_1_136' title='bbox 977 2146 1178 2224; x_wconf 87' lang='lat' dir='ltr'><strong>proposuerit,</strong></span> <span class='ocrx_word' id='word_1_137' title='bbox 1198 2144 1248 2206; x_wconf 59' lang='lat' dir='ltr'><strong>ins</strong></span> 
     </span>
     <span class='ocr_line' id='line_1_18' title="bbox 151 2249 1248 2332; baseline 0.001 -20"><span class='ocrx_word' id='word_1_138' title='bbox 151 2257 276 2320; x_wconf 83' lang='lat' dir='ltr'><strong>certus:</strong></span> <span class='ocrx_word' id='word_1_139' title='bbox 307 2252 409 2326; x_wconf 81' lang='lat' dir='ltr'><strong>Satis,</strong></span> <span class='ocrx_word' id='word_1_140' title='bbox 432 2253 545 2332; x_wconf 85' lang='lat' dir='ltr'><strong>inquit,</strong></span> <span class='ocrx_word' id='word_1_141' title='bbox 566 2250 654 2314; x_wconf 79' lang='lat' dir='ltr'><strong>nobis</strong></span> <span class='ocrx_word' id='word_1_142' title='bbox 676 2270 715 2314; x_wconf 88' lang='lat' dir='ltr'><strong>oc</strong></span> <span class='ocrx_word' id='word_1_143' title='bbox 734 2269 803 2328; x_wconf 86' lang='lat' dir='ltr'><strong>suo,</strong></span> <span class='ocrx_word' id='word_1_144' title='bbox 823 2249 905 2330; x_wconf 81' lang='lat' dir='ltr'><strong>qood</strong></span> <span class='ocrx_word' id='word_1_145' title='bbox 924 2250 990 2329; x_wconf 84' lang='lat' dir='ltr'><strong>ipae</strong></span> <span class='ocrx_word' id='word_1_146' title='bbox 1009 2253 1171 2332; x_wconf 73' lang='lat' dir='ltr'><strong>professus</strong></span> <span class='ocrx_word' id='word_1_147' title='bbox 1192 2258 1248 2326; x_wconf 84' lang='lat' dir='ltr'><strong>est,</strong></span> 
     </span>
     <span class='ocr_line' id='line_1_19' title="bbox 151 2357 1249 2439; baseline 0.002 -19"><span class='ocrx_word' id='word_1_148' title='bbox 151 2357 270 2420; x_wconf 84' lang='lat' dir='ltr'><strong>muneri</strong></span> <span class='ocrx_word' id='word_1_149' title='bbox 297 2358 424 2438; x_wconf 73' lang='lat' dir='ltr'><strong>secero,</strong></span> <span class='ocrx_word' id='word_1_150' title='bbox 446 2359 496 2435; x_wconf 52' lang='grc' dir='ltr'><strong>ω’,</strong></span> <span class='ocrx_word' id='word_1_151' title='bbox 510 2364 544 2420; x_wconf 87' lang='lat' dir='ltr'><strong>ol</strong></span> <span class='ocrx_word' id='word_1_152' title='bbox 562 2358 593 2420; x_wconf 85' lang='lat' dir='ltr'><strong>in</strong></span> <span class='ocrx_word' id='word_1_153' title='bbox 615 2357 720 2422; x_wconf 83' lang='lat' dir='ltr'><strong>tabula</strong></span> <span class='ocrx_word' id='word_1_154' title='bbox 749 2359 901 2438; x_wconf 67' lang='lat' dir='ltr'><strong>pamm,</strong></span> <span class='ocrx_word' id='word_1_155' title='bbox 920 2359 1039 2438; x_wconf 75' lang='lat' dir='ltr'><strong>prunus</strong></span> <span class='ocrx_word' id='word_1_156' title='bbox 1061 2371 1101 2422; x_wconf 81' lang='lat' dir='ltr'><strong>rte</strong></span> <span class='ocrx_word' id='word_1_157' title='bbox 1119 2359 1249 2439; x_wconf 77' lang='lat' dir='ltr'><strong>praect-</strong></span> 
     </span>
     <span class='ocr_line' id='line_1_20' title="bbox 148 2467 1248 2550; baseline 0.005 -24"><span class='ocrx_word' id='word_1_158' title='bbox 148 2485 232 2546; x_wconf 85' lang='lat' dir='ltr'><strong>puos</strong></span> <span class='ocrx_word' id='word_1_159' title='bbox 260 2468 338 2530; x_wconf 85' lang='lat' dir='ltr'><strong>ortis</strong></span> <span class='ocrx_word' id='word_1_160' title='bbox 366 2467 463 2533; x_wconf 75' lang='lat' dir='ltr'><strong>ineas</strong></span> <span class='ocrx_word' id='word_1_161' title='bbox 493 2467 615 2530; x_wconf 75' lang='lat' dir='ltr'><strong>duxerit</strong></span> <span class='ocrx_word' id='word_1_162' title='bbox 643 2475 673 2530; x_wconf 88' lang='lat' dir='ltr'><strong>ei</strong></span> <span class='ocrx_word' id='word_1_163' title='bbox 697 2468 787 2548; x_wconf 78' lang='lat' dir='ltr'><strong>puori</strong></span> <span class='ocrx_word' id='word_1_164' title='bbox 813 2471 980 2534; x_wconf 82' lang='lat' dir='ltr'><strong>coloratam</strong></span> <span class='ocrx_word' id='word_1_165' title='bbox 1010 2469 1163 2550; x_wconf 75' lang='lat' dir='ltr'><strong>quandum</strong></span> <span class='ocrx_word' id='word_1_166' title='bbox 1176 2468 1248 2532; x_wconf 84' lang='lat' dir='ltr'><strong>eius</strong></span> 
     </span>
     <span class='ocr_line' id='line_1_21' title="bbox 151 2571 1248 2658; baseline 0.007 -28"><span class='ocrx_word' id='word_1_167' title='bbox 151 2589 191 2632; x_wconf 90' lang='lat' dir='ltr'><strong>oc</strong></span> <span class='ocrx_word' id='word_1_168' title='bbox 208 2571 377 2652; x_wconf 74' lang='lat' dir='ltr'><strong>formosam</strong></span> <span class='ocrx_word' id='word_1_169' title='bbox 396 2573 555 2654; x_wconf 78' lang='lat' dir='ltr'><strong>imopr&#39;nent</strong></span> <span class='ocrx_word' id='word_1_170' title='bbox 574 2576 870 2654; x_wconf 64' lang='lat' dir='ltr'><strong>repraesentaverit.</strong></span> <span class='ocrx_word' id='word_1_171' title='bbox 883 2575 963 2640; x_wconf 75' lang='lat' dir='ltr'><strong>eade</strong></span> <span class='ocrx_word' id='word_1_172' title='bbox 984 2578 1058 2657; x_wconf 85' lang='lat' dir='ltr'><strong>quid</strong></span> <span class='ocrx_word' id='word_1_173' title='bbox 1076 2578 1160 2640; x_wconf 85' lang='lat' dir='ltr'><strong>illum</strong></span> <span class='ocrx_word' id='word_1_174' title='bbox 1180 2579 1248 2658; x_wconf 59' lang='lat' dir='ltr'><strong>effi„</strong></span> 
     </span>
     <span class='ocr_line' id='line_1_22' title="bbox 152 2676 1249 2771; baseline 0.007 -33"><span class='ocrx_word' id='word_1_175' title='bbox 152 2683 244 2752; x_wconf 85' lang='lat' dir='ltr'><strong>caret,</strong></span> <span class='ocrx_word' id='word_1_176' title='bbox 263 2676 335 2755; x_wconf 83' lang='lat' dir='ltr'><strong>qnid</strong></span> <span class='ocrx_word' id='word_1_177' title='bbox 352 2677 516 2760; x_wconf 76' lang='lat' dir='ltr'><strong>formaret,</strong></span> <span class='ocrx_word' id='word_1_178' title='bbox 538 2681 611 2759; x_wconf 82' lang='lat' dir='ltr'><strong>quid</strong></span> <span class='ocrx_word' id='word_1_179' title='bbox 631 2681 760 2771; x_wconf 73' lang='lat' dir='ltr'><strong>deceret,</strong></span> <span class='ocrx_word' id='word_1_180' title='bbox 780 2682 871 2761; x_wconf 78' lang='lat' dir='ltr'><strong>quusi</strong></span> <span class='ocrx_word' id='word_1_181' title='bbox 890 2701 994 2748; x_wconf 87' lang='lat' dir='ltr'><strong>coram</strong></span> <span class='ocrx_word' id='word_1_182' title='bbox 1015 2694 1043 2748; x_wconf 90' lang='lat' dir='ltr'><strong>et</strong></span> <span class='ocrx_word' id='word_1_183' title='bbox 1062 2704 1129 2748; x_wconf 87' lang='lat' dir='ltr'><strong>uno·</strong></span> <span class='ocrx_word' id='word_1_184' title='bbox 1146 2685 1249 2748; x_wconf 81' lang='lat' dir='ltr'><strong>comto</strong></span> 
     </span>
     <span class='ocr_line' id='line_1_23' title="bbox 151 2767 1248 2874; baseline 0.008 -27"><span class='ocrx_word' id='word_1_185' title='bbox 151 2784 290 2864; x_wconf 82' lang='lat' dir='ltr'><strong>conspici</strong></span> <span class='ocrx_word' id='word_1_186' title='bbox 317 2767 432 2866; x_wconf 75' lang='lat' dir='ltr'><strong>posset·</strong></span> <span class='ocrx_word' id='word_1_187' title='bbox 455 2807 494 2850; x_wconf 86' lang='lat' dir='ltr'><strong>ac</strong></span> <span class='ocrx_word' id='word_1_188' title='bbox 519 2788 649 2870; x_wconf 66' lang='lat' dir='ltr'><strong>intetirpi.</strong></span> <span class='ocrx_word' id='word_1_189' title='bbox 692 2791 755 2854; x_wconf 87' lang='lat' dir='ltr'><strong>Nec</strong></span> <span class='ocrx_word' id='word_1_190' title='bbox 777 2809 851 2856; x_wconf 84' lang='lat' dir='ltr'><strong>vero</strong></span> <span class='ocrx_word' id='word_1_191' title='bbox 877 2794 1055 2874; x_wconf 87' lang='lat' dir='ltr'><strong>explicatam</strong></span> <span class='ocrx_word' id='word_1_192' title='bbox 1078 2795 1122 2857; x_wconf 88' lang='lat' dir='ltr'><strong>rei</strong></span> <span class='ocrx_word' id='word_1_193' title='bbox 1143 2794 1248 2858; x_wconf 85' lang='lat' dir='ltr'><strong>notio·-</strong></span> 
     </span>
     <span class='ocr_line' id='line_1_24' title="bbox 151 2896 1251 2984; baseline 0.012 -31"><span class='ocrx_word' id='word_1_194' title='bbox 151 2911 240 2970; x_wconf 85' lang='lat' dir='ltr'><strong>nmn,</strong></span> <span class='ocrx_word' id='word_1_195' title='bbox 257 2909 355 2976; x_wconf 84' lang='lat' dir='ltr'><strong>neque</strong></span> <span class='ocrx_word' id='word_1_196' title='bbox 373 2896 578 2977; x_wconf 87' lang='lat' dir='ltr'><strong>praecipiendi</strong></span> <span class='ocrx_word' id='word_1_197' title='bbox 598 2897 743 2964; x_wconf 84' lang='lat' dir='ltr'><strong>rationem</strong></span> <span class='ocrx_word' id='word_1_198' title='bbox 764 2898 799 2960; x_wconf 90' lang='lat' dir='ltr'><strong>in·</strong></span> <span class='ocrx_word' id='word_1_199' title='bbox 810 2917 905 2962; x_wconf 88' lang='lat' dir='ltr'><strong>onrco</strong></span> <span class='ocrx_word' id='word_1_200' title='bbox 919 2900 1010 2964; x_wconf 83' lang='lat' dir='ltr'><strong>locee</strong></span> <span class='ocrx_word' id='word_1_201' title='bbox 1026 2903 1135 2979; x_wconf 84' lang='lat' dir='ltr'><strong>libello,</strong></span> <span class='ocrx_word' id='word_1_202' title='bbox 1152 2919 1251 2984; x_wconf 87' lang='lat' dir='ltr'><strong>quan·</strong></span> 
     </span>
     <span class='ocr_line' id='line_1_25' title="bbox 155 3006 1242 3088; baseline 0.009 -20"><span class='ocrx_word' id='word_1_203' title='bbox 155 3020 241 3084; x_wconf 86' lang='lat' dir='ltr'><strong>quam</strong></span> <span class='ocrx_word' id='word_1_204' title='bbox 255 3009 380 3084; x_wconf 89' lang='lat' dir='ltr'><strong>utraque</strong></span> <span class='ocrx_word' id='word_1_205' title='bbox 394 3006 450 3072; x_wconf 89' lang='lat' dir='ltr'><strong>sub</strong></span> <span class='ocrx_word' id='word_1_206' title='bbox 463 3008 609 3087; x_wconf 88' lang='lat' dir='ltr'><strong>epistolae</strong></span> <span class='ocrx_word' id='word_1_207' title='bbox 624 3008 719 3072; x_wconf 86' lang='lat' dir='ltr'><strong>lomna</strong></span> <span class='ocrx_word' id='word_1_208' title='bbox 733 3009 834 3088; x_wconf 83' lang='lat' dir='ltr'><strong>lateat,</strong></span> <span class='ocrx_word' id='word_1_209' title='bbox 856 3011 1025 3074; x_wconf 87' lang='lat' dir='ltr'><strong>desiderari</strong></span> <span class='ocrx_word' id='word_1_210' title='bbox 1046 3011 1164 3076; x_wconf 82' lang='lat' dir='ltr'><strong>latetur.</strong></span> <span class='ocrx_word' id='word_1_211' title='bbox 1239 3063 1242 3068; x_wconf 76' lang='lat'><em>,</em></span> 
     </span>
    </p>

    <p class='ocr_par' dir='ltr' id='par_1_6' title="bbox 153 3099 1250 3526">
     <span class='ocr_line' id='line_1_26' title="bbox 223 3099 1250 3204; baseline 0.008 -32"><span class='ocrx_word' id='word_1_212' title='bbox 223 3099 345 3176; x_wconf 55' lang='lat' dir='ltr'><strong>‘Vanum</strong></span> <span class='ocrx_word' id='word_1_213' title='bbox 387 3115 542 3178; x_wconf 84' lang='lat' dir='ltr'><strong>enimvero</strong></span> <span class='ocrx_word' id='word_1_214' title='bbox 580 3119 710 3188; x_wconf 88' lang='lat' dir='ltr'><strong>onmium</strong></span> <span class='ocrx_word' id='word_1_215' title='bbox 741 3118 934 3201; x_wconf 85' lang='lat' dir='ltr'><strong>interpretum</strong></span> <span class='ocrx_word' id='word_1_216' title='bbox 961 3121 981 3182; x_wconf 93' lang='lat' dir='ltr'><strong>ii</strong></span> <span class='ocrx_word' id='word_1_217' title='bbox 1013 3129 1096 3184; x_wconf 91' lang='lat' dir='ltr'><strong>corte</strong></span> <span class='ocrx_word' id='word_1_218' title='bbox 1126 3121 1250 3204; x_wconf 89' lang='lat' dir='ltr'><strong>propius</strong></span> 
     </span>
     <span class='ocr_line' id='line_1_27' title="bbox 157 3215 1250 3308; baseline 0.007 -29"><span class='ocrx_word' id='word_1_219' title='bbox 157 3215 194 3278; x_wconf 87' lang='lat' dir='ltr'><strong>ad</strong></span> <span class='ocrx_word' id='word_1_220' title='bbox 217 3223 371 3284; x_wconf 82' lang='lat' dir='ltr'><strong>veritatem</strong></span> <span class='ocrx_word' id='word_1_221' title='bbox 404 3232 622 3304; x_wconf 85' lang='lat' dir='ltr'><strong>accesserunt,</strong></span> <span class='ocrx_word' id='word_1_222' title='bbox 652 3227 703 3308; x_wconf 91' lang='lat' dir='ltr'><strong>qui</strong></span> <span class='ocrx_word' id='word_1_223' title='bbox 734 3227 887 3291; x_wconf 87' lang='lat' dir='ltr'><strong>Horatium</strong></span> <span class='ocrx_word' id='word_1_224' title='bbox 915 3229 944 3291; x_wconf 91' lang='lat' dir='ltr'><strong>id</strong></span> <span class='ocrx_word' id='word_1_225' title='bbox 969 3231 1154 3308; x_wconf 90' lang='lat' dir='ltr'><strong>potissimum</strong></span> <span class='ocrx_word' id='word_1_226' title='bbox 1176 3244 1250 3306; x_wconf 92' lang='lat' dir='ltr'><strong>spc-</strong></span> 
     </span>
     <span class='ocr_line' id='line_1_28' title="bbox 156 3331 1249 3418; baseline 0.006 -31"><span class='ocrx_word' id='word_1_227' title='bbox 156 3333 254 3391; x_wconf 89' lang='lat' dir='ltr'><strong>classe</strong></span> <span class='ocrx_word' id='word_1_228' title='bbox 287 3331 474 3413; x_wconf 82' lang='lat' dir='ltr'><strong>iudicarunt,</strong></span> <span class='ocrx_word' id='word_1_229' title='bbox 508 3342 540 3396; x_wconf 90' lang='lat' dir='ltr'><strong>ut</strong></span> <span class='ocrx_word' id='word_1_230' title='bbox 560 3351 702 3414; x_wconf 88' lang='lat' dir='ltr'><strong>perversa</strong></span> <span class='ocrx_word' id='word_1_231' title='bbox 734 3336 900 3416; x_wconf 86' lang='lat' dir='ltr'><strong>aequalium</strong></span> <span class='ocrx_word' id='word_1_232' title='bbox 921 3341 1076 3418; x_wconf 72' lang='lat' dir='ltr'><strong>poet-amm</strong></span> <span class='ocrx_word' id='word_1_233' title='bbox 1097 3334 1194 3396; x_wconf 89' lang='lat' dir='ltr'><strong>studia</strong></span> <span class='ocrx_word' id='word_1_234' title='bbox 1220 3339 1249 3394; x_wconf 90' lang='lat' dir='ltr'><strong>et</strong></span> 
     </span>
     <span class='ocr_line' id='line_1_29' title="bbox 153 3440 1247 3526; baseline 0.005 -30"><span class='ocrx_word' id='word_1_235' title='bbox 153 3452 247 3514; x_wconf 79' lang='lat' dir='ltr'><strong>prava</strong></span> <span class='ocrx_word' id='word_1_236' title='bbox 270 3456 373 3502; x_wconf 89' lang='lat' dir='ltr'><strong>eorum</strong></span> <span class='ocrx_word' id='word_1_237' title='bbox 404 3441 443 3520; x_wconf 85' lang='lat' dir='ltr'><strong>de</strong></span> <span class='ocrx_word' id='word_1_238' title='bbox 470 3444 556 3521; x_wconf 85' lang='lat' dir='ltr'><strong>po&#39;dsi</strong></span> <span class='ocrx_word' id='word_1_239' title='bbox 580 3442 690 3505; x_wconf 88' lang='lat' dir='ltr'><strong>iudicia</strong></span> <span class='ocrx_word' id='word_1_240' title='bbox 712 3461 774 3505; x_wconf 90' lang='lat' dir='ltr'><strong>nou</strong></span> <span class='ocrx_word' id='word_1_241' title='bbox 797 3445 887 3506; x_wconf 90' lang='lat' dir='ltr'><strong>modo</strong></span> <span class='ocrx_word' id='word_1_242' title='bbox 911 3444 1169 3526; x_wconf 76' lang='lat' dir='ltr'><strong>reprehenderer,</strong></span> <span class='ocrx_word' id='word_1_243' title='bbox 1193 3440 1247 3502; x_wconf 88' lang='lat' dir='ltr'><strong>sed</strong></span> 
     </span>
    </p>
   </div>
   <div class='ocr_carea' id='block_1_5' title="bbox 150 3629 466 3648">
    <p class='ocr_par' dir='ltr' id='par_1_7' title="bbox 150 3629 466 3648">
     <span class='ocr_line' id='line_1_30' title="bbox 150 3629 466 3648; baseline -0.003 1"><span class='ocrx_word' id='word_1_244' title='bbox 150 3629 466 3648; x_wconf 82' lang='lat'><em>··············—·-·-——-·-.</em></span> 
     </span>
    </p>
   </div>
   <div class='ocr_carea' id='block_1_6' title="bbox 207 3731 1248 3905">
    <p class='ocr_par' dir='ltr' id='par_1_8' title="bbox 207 3731 1248 3905">
     <span class='ocr_line' id='line_1_31' title="bbox 207 3731 1248 3808; baseline 0.011 -27"><span class='ocrx_word' id='word_1_245' title='bbox 207 3731 232 3801; x_wconf 84' lang='lat'><strong>1)</strong></span> <span class='ocrx_word' id='word_1_246' title='bbox 253 3731 383 3785; x_wconf 82' lang='lat' dir='ltr'><strong>Horurcns</strong></span> <span class='ocrx_word' id='word_1_247' title='bbox 402 3734 500 3802; x_wconf 83' lang='lat' dir='ltr'><strong>Epistol</strong></span> <span class='ocrx_word' id='word_1_248' title='bbox 528 3752 559 3787; x_wconf 87' lang='lat' dir='ltr'><strong>au</strong></span> <span class='ocrx_word' id='word_1_249' title='bbox 585 3739 627 3788; x_wconf 87' lang='lat' dir='ltr'><strong>dic</strong></span> <span class='ocrx_word' id='word_1_250' title='bbox 645 3738 755 3790; x_wconf 86' lang='lat' dir='ltr'><strong>Pisonen</strong></span> <span class='ocrx_word' id='word_1_251' title='bbox 774 3743 819 3792; x_wconf 89' lang='lat' dir='ltr'><strong>mit</strong></span> <span class='ocrx_word' id='word_1_252' title='bbox 837 3743 921 3793; x_wconf 88' lang='lat' dir='ltr'><strong>einern</strong></span> <span class='ocrx_word' id='word_1_253' title='bbox 939 3741 1150 3808; x_wconf 73' lang='lat' dir='ltr'><strong>durclrgtugig&#39;en</strong></span> <span class='ocrx_word' id='word_1_254' title='bbox 1169 3741 1248 3793; x_wconf 85' lang='lat' dir='ltr'><strong>Corn-</strong></span> 
     </span>
     <span class='ocr_line' id='line_1_32' title="bbox 254 3831 1246 3905; baseline 0.008 -27"><span class='ocrx_word' id='word_1_255' title='bbox 254 3837 353 3880; x_wconf 86' lang='lat' dir='ltr'><strong>mcutar</strong></span> <span class='ocrx_word' id='word_1_256' title='bbox 372 3831 423 3882; x_wconf 93' lang='lat' dir='ltr'><strong>und</strong></span> <span class='ocrx_word' id='word_1_257' title='bbox 441 3832 563 3886; x_wconf 76' lang='lat' dir='ltr'><strong>Anmerk.</strong></span> <span class='ocrx_word' id='word_1_258' title='bbox 586 3833 705 3902; x_wconf 78' lang='lat' dir='ltr'><strong>herausg.</strong></span> <span class='ocrx_word' id='word_1_259' title='bbox 728 3852 779 3888; x_wconf 89' lang='lat' dir='ltr'><strong>von</strong></span> <span class='ocrx_word' id='word_1_260' title='bbox 793 3837 902 3889; x_wconf 84' lang='lat' dir='ltr'><strong>llichael</strong></span> <span class='ocrx_word' id='word_1_261' title='bbox 921 3837 1012 3905; x_wconf 80' lang='lat' dir='ltr'><strong>Engel.</strong></span> <span class='ocrx_word' id='word_1_262' title='bbox 1036 3837 1149 3905; x_wconf 73' lang='lat' dir='ltr'><strong>llognnt.</strong></span> <span class='ocrx_word' id='word_1_263' title='bbox 1169 3835 1246 3888; x_wconf 83' lang='lat'><strong>1791.</strong></span> 
     </span>
    </p>
   </div>
   <div class='ocr_carea' id='block_1_7' title="bbox 209 3930 1247 4104">
    <p class='ocr_par' dir='ltr' id='par_1_9' title="bbox 209 3930 1247 4104">
     <span class='ocr_line' id='line_1_33' title="bbox 209 3930 1247 4015; baseline -0.008 -18"><span class='ocrx_word' id='word_1_264' title='bbox 209 3930 237 4002; x_wconf 71' lang='grc'><strong>2)</strong></span> <span class='ocrx_word' id='word_1_265' title='bbox 256 3931 287 3996; x_wconf 80' lang='lat' dir='ltr'><strong>Q·</strong></span> <span class='ocrx_word' id='word_1_266' title='bbox 308 3933 405 3985; x_wconf 83' lang='lat' dir='ltr'><strong>Horatii</strong></span> <span class='ocrx_word' id='word_1_267' title='bbox 423 3935 509 3988; x_wconf 83' lang='lat' dir='ltr'><strong>Flacci</strong></span> <span class='ocrx_word' id='word_1_268' title='bbox 528 3937 560 3988; x_wconf 85' lang='lat' dir='ltr'><strong>de</strong></span> <span class='ocrx_word' id='word_1_269' title='bbox 579 3939 641 3989; x_wconf 83' lang='lat' dir='ltr'><strong>llrte</strong></span> <span class='ocrx_word' id='word_1_270' title='bbox 662 3940 766 3994; x_wconf 75' lang='lat' dir='ltr'><strong>Poetica</strong></span> <span class='ocrx_word' id='word_1_271' title='bbox 791 3941 822 3991; x_wconf 90' lang='lat' dir='ltr'><strong>ad</strong></span> <span class='ocrx_word' id='word_1_272' title='bbox 841 3941 948 3995; x_wconf 87' lang='lat' dir='ltr'><strong>Pisones</strong></span> <span class='ocrx_word' id='word_1_273' title='bbox 971 3940 1086 4008; x_wconf 85' lang='lat' dir='ltr'><strong>Epistola</strong></span> <span class='ocrx_word' id='word_1_274' title='bbox 1106 3957 1161 3991; x_wconf 84' lang='lat' dir='ltr'><strong>enm</strong></span> <span class='ocrx_word' id='word_1_275' title='bbox 1182 3955 1247 4015; x_wconf 81' lang='lat' dir='ltr'><strong>con-</strong></span> 
     </span>
     <span class='ocr_line' id='line_1_34' title="bbox 251 4006 1247 4104; baseline 0.01 -28"><span class='ocrx_word' id='word_1_276' title='bbox 251 4028 322 4078; x_wconf 84' lang='lat' dir='ltr'><strong>tinua</strong></span> <span class='ocrx_word' id='word_1_277' title='bbox 350 4031 456 4096; x_wconf 79' lang='lat' dir='ltr'><strong>exegesi</strong></span> <span class='ocrx_word' id='word_1_278' title='bbox 484 4033 641 4104; x_wconf 77' lang='lat' dir='ltr'><strong>selectisque</strong></span> <span class='ocrx_word' id='word_1_279' title='bbox 669 4006 751 4087; x_wconf 78' lang='lat' dir='ltr'><strong>notis.¹</strong></span> <span class='ocrx_word' id='word_1_280' title='bbox 783 4037 909 4088; x_wconf 77' lang='lat' dir='ltr'><strong>Adiuncto</strong></span> <span class='ocrx_word' id='word_1_281' title='bbox 930 4035 1076 4090; x_wconf 79' lang='lat' dir='ltr'><strong>Aristotelis</strong></span> <span class='ocrx_word' id='word_1_282' title='bbox 1094 4036 1125 4087; x_wconf 92' lang='lat' dir='ltr'><strong>dc</strong></span> <span class='ocrx_word' id='word_1_283' title='bbox 1144 4035 1247 4086; x_wconf 79' lang='lat' dir='ltr'><strong>Podtica</strong></span> 
     </span>
    </p>
   </div>
   <div class='ocr_carea' id='block_1_8' title="bbox 250 4131 1246 4277">
    <p class='ocr_par' dir='ltr' id='par_1_10' title="bbox 250 4131 1246 4277">
     <span class='ocr_line' id='line_1_35' title="bbox 251 4131 1246 4202; baseline 0.016 -31"><span class='ocrx_word' id='word_1_284' title='bbox 251 4138 344 4186; x_wconf 69' lang='lat' dir='ltr'><strong>graece</strong></span> <span class='ocrx_word' id='word_1_285' title='bbox 364 4143 419 4176; x_wconf 87' lang='lat' dir='ltr'><strong>rmn</strong></span> <span class='ocrx_word' id='word_1_286' title='bbox 440 4131 506 4186; x_wconf 78' lang='lat' dir='ltr'><strong>raptis</strong></span> <span class='ocrx_word' id='word_1_287' title='bbox 532 4133 645 4196; x_wconf 78' lang='lat' dir='ltr'><strong>criticis,</strong></span> <span class='ocrx_word' id='word_1_288' title='bbox 672 4132 751 4185; x_wconf 83' lang='lat' dir='ltr'><strong>latine</strong></span> <span class='ocrx_word' id='word_1_289' title='bbox 771 4149 828 4185; x_wconf 88' lang='lat' dir='ltr'><strong>cnm</strong></span> <span class='ocrx_word' id='word_1_290' title='bbox 854 4135 921 4199; x_wconf 75' lang='lat' dir='ltr'><strong>notis</strong></span> <span class='ocrx_word' id='word_1_291' title='bbox 943 4133 1091 4202; x_wconf 78' lang='lat' dir='ltr'><strong>exegeticis.</strong></span> <span class='ocrx_word' id='word_1_292' title='bbox 1115 4131 1153 4183; x_wconf 86' lang='lat' dir='ltr'><strong>ed.</strong></span> <span class='ocrx_word' id='word_1_293' title='bbox 1173 4131 1246 4184; x_wconf 79' lang='lat' dir='ltr'><strong>Laut·</strong></span> 
     </span>
     <span class='ocr_line' id='line_1_36' title="bbox 250 4213 868 4277; baseline 0.023 -5"><span class='ocrx_word' id='word_1_294' title='bbox 250 4217 319 4272; x_wconf 71' lang='lat' dir='ltr'><strong>Stulti.</strong></span> <span class='ocrx_word' id='word_1_295' title='bbox 343 4221 457 4274; x_wconf 79' lang='lat' dir='ltr'><strong>Heinius</strong></span> <span class='ocrx_word' id='word_1_296' title='bbox 481 4225 555 4277; x_wconf 74' lang='lat'>1802.</span> <span class='ocrx_word' id='word_1_297' title='bbox 866 4213 868 4220; x_wconf 33' lang='grc' dir='ltr'>Ι</span> 
     </span>
    </p>
   </div>
   <div class='ocr_carea' id='block_1_9' title="bbox 0 0 1493 4986">
    <p class='ocr_par' dir='ltr' id='par_1_11' title="bbox 0 0 1493 4986">
     <span class='ocr_line' id='line_1_37' title="bbox 0 0 1493 4986; baseline 0 0"><span class='ocrx_word' id='word_1_298' title='bbox 0 0 1493 4986; x_wconf 95' lang='lat' dir='ltr'><strong> </strong></span> 
     </span>
    </p>
   </div>
  </div>
 </body>
</html>
