2976 4986
674 347 919 417 „20-

253 541 395 608 concludi
426 545 535 624 potest.
579 537 640 601 lam
669 553 745 600 vcro
775 535 957 600 stracten-ns
989 533 1027 596 ed
1060 533 1239 596 sententiam
1264 545 1349 594 suam

253 633 487 715 continuandam
507 633 737 726 trisitcerinqti
769 643 871 707 verbis
894 643 1038 706 abutitur:
1066 640 1156 717 Quod
1174 643 1252 704 enim
1271 657 1352 721 qao-

251 757 388 820 aonoae
417 739 515 817 vtrse‘·
531 753 667 833 epona
691 751 857 831 proprian
882 757 945 825 ee,
967 757 1003 810 a
1032 749 1065 810 n
1092 749 1153 811 aaa
1179 748 1351 811 saronas

251 862 462 946 familiaritate
477 861 608 940 quadam
632 858 782 938 pennoti,
804 875 866 918 raon
888 863 1001 918 camno
1021 855 1157 917 ordinent
1176 864 1353 934 amonemur,

252 970 327 1044 ted,⁴
348 957 427 1048 qnae
450 955 643 1039 succurrunt,
656 961 792 1025 'tiber-ios
817 971 846 1024 et
865 962 1048 1024 incuriosior
1075 962 1188 1024 addere
1215 968 1244 1024 et
1260 961 1353 1022 =inter

251 1089 287 1140 te
307 1063 431 1158 iunq'ero
446 1063 620 1148 soleamus,
648 1063 682 1134 id
711 1073 800 1133 ettotn
820 1071 853 1131 in
872 1071 995 1132 Horatii
1015 1069 1150 1149 epistolis
1169 1071 1238 1151 fleri
1264 1073 1351 1147 sciet,

251 1185 295 1245 ot
292 1183 415 1264 quibus
444 1171 484 1244 de
504 1178 719 1260 philosophia,
740 1178 790 1239 de
799 1178 908 1239 stodiis
923 1179 1067 1256 podicis,
1089 1179 1128 1240 de
1154 1177 1258 1240 nocuo
1276 1197 1351 1241 soe-

254 1292 326 1370 culi,
345 1290 383 1354 de
403 1259 485 1351 sidtu
509 1289 680 1350 litterarum
700 1286 883 1368 ὠέῳώέώιώιη
904 1292 957 1346 est.
991 1284 1138 1360 Quodsi
1160 1293 1350 1364 reputassent

253 1417 378 1462 secum
376 1396 524 1458 nortmuttt
550 1395 730 1474 interpretes
756 1411 853 1472 neque
878 1389 1004 1472 operam
1030 1393 1064 1454 in
1086 1385 1229 1456 comante
1253 1409 1349 1472 arqu-

251 1501 349 1568 me'nto
369 1505 413 1567 ad
438 1503 557 1584 sinputo
582 1507 751 1582 praecepto
781 1501 960 1581 referendo,
991 1517 1089 1579 neque
1112 1517 1224 1562 severe
1245 1515 1353 1578 prom

252 1613 434 1676 motieorom
453 1609 618 1671 mttddote
645 1608 687 1669 od
715 1624 862 1668 summam
889 1614 987 1670 artem
1007 1607 1180 1670 revocando
1199 1607 1354 1685 perdidis.

253 1728 322 1786 sent
335 1729 372 1800 ¹).
414 1720 553 1799 Denique
568 1715 792 1779 Streubertain'
809 1717 954 1797 epistolae
969 1721 1145 1798 argumento
1161 1714 1353 1796 explicando,

252 1847 313 1912 qua
340 1817 460 1891 ratione
494 1823 631 1907 singulae
665 1825 730 1887 eius
752 1831 854 1904 partes
883 1825 962 1887 inter
983 1843 1022 1887 se
1049 1824 1234 1887 cohaereant
1263 1831 1353 1906 atque

251 1932 387 2002 'u'dillud
415 1935 583 2011 consilinum,
612 1931 693 2014 quot
719 1931 881 2016 probavit,
913 1932 1157 2020 persequendum
1181 1932 1352 2010 conferant,

251 2041 335 2106 mae
357 2041 431 2107 satis
451 2037 628 2102 mlmtravit.

262 2177 283 2198 -ι
341 2147 456 2222 Quodsi
475 2144 581 2214 harum
602 2145 745 2210 'omnium
770 2149 979 2228 quaestionum
1006 2165 1152 2212 summam
1182 2147 1356 2230 fecerimus,

253 2258 380 2320 omnine
411 2262 474 2320 tres
504 2255 672 2335 opiniones
708 2255 807 2318 adhue
834 2256 1030 2319 circumferri
1059 2259 1150 2321 nobis
1191 2259 1354 2340 apparebit.
1408 2250 1412 2258 '

254 2355 539 2446 interpretamentis
560 2364 592 2424 in
614 2351 721 2425 ee'uut
739 2371 902 2444 praecepta
925 2364 1072 2446 quaedam
1095 2361 1139 2428 ad
1153 2369 1261 2448 poesin
1281 2383 1356 2456 per-

256 2475 387 2538 tinentia
414 2473 486 2535 sine
511 2472 572 2535 ulio
601 2471 709 2535 ordine
734 2475 906 2552 'congesta,
929 2479 979 2534 aut
1004 2473 1255 2554 perfectissimam
1283 2472 1356 2536 artis

254 2583 396 2666 poenae
417 2567 596 2658 doctrinam,
618 2586 669 2644 aut
682 2565 992 2661 epistotamdenique
1014 2583 1121 2648 ordine
1143 2583 1274 2664 quidem,
1300 2581 1359 2645 sed

257 2705 321 2754 non
335 2695 432 2767 certo,
449 2677 517 2750 'non
538 2677 752 2765 accurata'ud
769 2675 1090 2770 singularequoddam
1110 2691 1266 2754 consitium
1281 2707 1357 2772 perg-

259 2801 454 2884 dequendum
474 2800 616 2880 seriptum
632 2783 832 2861 'invenerunt
882 2799 939 2862 De·
957 2799 1089 2862 oonsilio
1115 2805 1211 2862 autem
1237 2801 1302 2878 ipso
1325 2803 1356 2859 et

260 2913 437 2990 argumento
464 2906 600 2987 plerique
638 2905 716 2968 inter
747 2923 780 2968 se
804 2887 996 2969 dissentiunt
1035 2888 1091 2981 Qui
1119 2905 1274 2988 epistotam
1294 2903 1357 2967 hoe

260 3019 383 3078 taimen
395 3031 467 3077 esse
483 3015 679 3092 statuerunt,
670 3016 691 3076 1i
706 2999 890 3095 plerumque
895 3015 1058 3078 discrimen
1069 3017 1147 3078 inter
1157 3015 1309 3095 poetieam
1327 3019 1358 3075 et

260 3113 342 3186 vitae
355 3121 546 3203 quotidianae
566 3123 722 3224 epistotam
740 3123 789 3184 vel
805 3141 867 3186 non
882 3131 1080 3218 agnoverant,
1105 3123 1154 3185 vel
1168 3121 1246 3184 male
1259 3119 1357 3200 expli-

265 3235 419 3308 mamm).
441 3225 475 3290 I'n
492 3231 611 3310 poetica
631 3242 706 3292 vero
723 3231 849 3311 epistola
865 3231 989 3293 certum
995 3229 1208 3292 sententiarum
1222 3229 1358 3290 ordinem

266 3345 298 3400 et
306 3327 487 3400 deauratum
500 3339 653 3400 orationis
659 3340 886 3420 perpetuitatem
898 3340 1042 3421 postulari
1058 3355 1097 3401 ex
1111 3337 1175 3418 ipsa
1186 3337 1290 3418 poisis
1302 3353 1362 3399 na-

267 3452 334 3508 tura
368 3445 511 3526 sequium
564 3444 706 3526 Singidae
728 3446 808 3508 enim
838 3448 987 3527 poematis
1017 3453 1119 3534 partes
1149 3445 1205 3532 ita
1221 3445 1301 3508 inter
1328 3458 1363 3505 se

268 3551 455 3616 cohaereant
475 3558 610 3635 oportet,
632 3559 664 3618 ut
686 3553 739 3626 uni
754 3553 892 3625 ,consito
914 3554 1026 3638 unique
1047 3559 1225 3636 argumemo
1245 3567 1362 3616 convc-

267 3661 363 3740 nieat,
385 3659 467 3741 quod
488 3661 548 3724 iam
567 3657 733 3724 Βαηιὸέώω
756 3668 788 3724 et
805 3659 976 3724 &mnium
996 3660 1208 3740 intelieaenuat
1220 3663 1258 3740 ὃ).

325 3868 352 3934 1)
370 3864 399 3916 P.
417 3863 460 3916 96.
499 3863 538 3917 ct.
559 3865 675 3934 Deering
693 3872 710 3915 t.
731 3864 764 3917 11.
783 3880 809 3934 p.
831 3864 892 3917 tae.
929 3897 932 3904 ,

328 3967 356 4037 2)
374 3967 413 4018 cf.
432 3967 479 4020 Lil.
500 3983 526 4036 p.
546 3967 581 4020 35
600 3984 657 4037 sqq.

323 4069 351 4141 3)
370 4069 409 4120 Gi.
429 4069 538 4122 eundem
558 4087 583 4139 p.
601 4071 635 4125 37
654 4088 710 4140 sqq.

705 4194 936 4208 offl-
