2976 4986
560 352 806 427 ..243-

127 541 233 630 lepida
254 547 286 604 et
307 538 422 604 urbana
445 543 481 605 ab
517 541 644 625 illepidis
664 545 885 626 ¹inurbanisque
906 544 1082 608 discernere
1103 555 1140 609 ao
1162 536 1235 611 aar*

128 666 187 713 sus
208 666 247 712 ex
271 650 343 712 artis
364 650 486 742 legibus
504 653 688 733 compositos
711 652 823 715 sentire
845 669 1004 734 possumus
1021 659 1061 734 1).

216 754 341 822 Graeci
375 763 484 822 cartem
513 769 639 824 sunnon
661 769 734 824 cunr
765 764 866 826 ontmt
895 767 1102 828 contentione
1122 772 1229 831 ortem

127 869 299 952 poeticam
331 865 571 948 excoluerant,
606 867 711 934 domo
748 887 790 935 eo
823 883 989 957 praeceps
1027 877 1080 938 ire
1111 878 1231 958 coepit.

130 981 180 1052 (v.
203 971 275 1036 275.
297 983 393 1053 usque
414 971 455 1034 ad
475 971 565 1050 284.)
674 977 677 986 “
806 993 810 1000 ’
1227 967 1231 976 ’

218 1079 268 1144 Ad
300 1080 378 1142 hanc
405 1091 469 1144 rem
492 1080 706 1146 inlustrandam
732 1083 872 1146 Horatius
895 1083 980 1148 brevi
1004 1085 1233 1150 adumbratione

133 1189 311 1272 tragoediae
332 1196 363 1252 et
385 1187 564 1252 comoediae
587 1190 742 1253 historiam
765 1191 926 1273 descripsit
945 1199 987 1271 2).
1028 1191 1093 1267 Qua
1115 1191 1235 1274 signifi-¹

115 1307 203 1379 teat,
234 1297 387 1410 quorqodo
422 1300 581 1382 tragoedia
613 1319 631 1363 a
666 1299 815 1382 llrespide
835 1304 863 1380 ³)
896 1303 1018 1364 inventa
1048 1303 1086 1364 ab
1116 1303 1234 1384 exiguis

136 1409 228 1472 initiis
249 1427 376 1492 egressa
398 1409 548 1490 paullatim
566 1409 605 1471 ad
625 1427 702 1488 eam,
725 1411 813 1492 quam
832 1411 861 1472 in
879 1408 1153 1492 Aeschyli'sabulis
1172 1411 1233 1472 ad-

137 1519 288 1598 miramur,
311 1516 529 1600 perlectionem
548 1519 730 1598 pervenerit,
752 1519 801 1598 qui
817 1519 966 1582 modicum
988 1534 1119 1582 scaenae
1140 1536 1235 1600 appa-

135 1631 231 1687 ratum
261 1631 292 1686 et
318 1625 475 1688 sublimem
501 1625 696 1708 magicaeque
715 1626 819 1706 podsis
846 1625 952 1706 generi
975 1627 1232 1688 accommodatam

133 1733 295 1796 dictionem
309 1734 440 1795 invenit'
476 1732 665 1815 Tragoedias
688 1749 762 1796 vero
784 1738 871 1795 vetus
891 1731 940 1796 illa
963 1733 1133 1812 comoedia,
1155 1737 1233 1815 quad

135 1859 277 1924 magnum
299 1842 362 1905 tulit
380 1841 525 1924 plausum,
549 1844 706 1904 successit.
748 1841 825 1920 Sed,
841 1858 929 1923 quum
943 1843 1008 1904 eius
1032 1842 1152 1905 licentia
1174 1843 1236 1905 ho-

136 1954 232 2016 mines
254 1954 429 2016 nominatim
454 1951 599 2032 carpendi
622 1953 653 2014 in
675 1951 797 2014 nimiam
827 1949 1016 2014 insolentiam
1037 1967 1074 2012 ao
1096 1951 1236 2031 petulan-¹

136 2059 208 2122 tiam
230 2059 432 2121 excessisset:
454 2076 494 2119 ne
516 2059 564 2119 eui
583 2057 643 2120 iam
664 2057 782 2139 publice
805 2056 882 2118 male
903 2055 1067 2134 diceretur,
1088 2060 1156 2140 lege
1177 2076 1236 2120 ve-

141 2169 226 2230 titum
248 2173 304 2256 esi.
347 2166 451 2247 ltaque
470 2167 583 2228 veteris
605 2163 784 2230 comoediae
806 2165 917 2228 chorus
938 2166 1074 2248 singulos
1096 2153 1235 2228 homines

136 2274 263 2338 notandi
281 2275 371 2337 venia
393 2273 508 2338 sublata
530 2275 608 2336 male
631 2273 776 2336 obmutuit
789 2277 830 2352 ⁶),
852 2274 934 2337 unde
949 2274 1050 2338 media
1072 2268 1231 2336 comoedia

136 2389 203 2446 orta
226 2385 284 2445 est.
314 2459 318 2466 Ι

218 2491 289 2558 lom
320 2487 459 2556 llomont
481 2509 608 2577 quoqne
628 2487 807 2556 cuiuslibet
833 2495 950 2575 potato
974 2485 1109 2575 generis
1141 2477 1230 2574 peri-

134 2599 245 2666 cultam
265 2598 419 2681 [coelunt
430 2623 442 2676 ‚·
469 2599 550 2679 sed,
572 2619 666 2685 quum
698 2597 832 2684 opernm
849 2605 883 2665 et
903 2589 1048 2664 lotorem
1066 2597 1228 2683 superent,

136 2727 201 2774 non
220 2707 354 2772 mutuom
375 2710 627 2790 praestiterant.
643 2719 699 2780 (v.⁴
712 2708 782 2772 285.
805 2723 900 2788 usque
922 2705 960 2769 ad
983 2703 1077 2784 304)

216 2813 301 2874 llaec
325 2813 445 2893 quidam
465 2814 576 2892 omnia,
601 2813 742 2876 Horatius
764 2815 869 2897 inquit,
890 2816 987 2877 nostri
1012 2831 1132 2894 quoque
1155 2815 1234 2891 poe-

135 2925 183 2982 tae
206 2927 377 3000 tentarunt,¹
398 2939 496 3002 neque
517 2938 640 3002 parvam
660 2921 778 3000 laudem
802 2930 833 2984 et
852 2921 1030 3006 tragoediae
1051 2928 1082 2983 et
1103 2936 1231 2982 comoe-

137 3028 204 3090 diae
218 3032 247 3106 ὕ)
270 3031 435 3108 scriptores
456 3034 638 3108 meruerunt,
662 3030 742 3118 quod
767 3034 889 3112 graecis
912 3030 1094 3113 argumentis
1115 3017 1236 3091 relictis·

137 3133 300 3198 domestica
323 3135 402 3198 lacta
427 3135 582 3200 celebrare
595 3129 776 3219 coeperunt:
799 3139 854 3200 sed
876 3141 996 3218 opinato
1019 3139 1142 3219 ingenio
1164 3137 1232 3198 ireti

135 3249 224 3325 atque
248 3262 361 3326 operae
383 3245 541 3308 ellaboris
565 3231 667 3308 taedio
690 3248 768 3328 capti
790 3249 923 3311 earmina
946 3247 1085 3308 omnibus
1100 3247 1239 3307 numeris*

137 3347 272 3411 absoluta
293 3349 441 3430 perlicere
470 3367 533 3412 non
551 3351 764 3430 potuerunt).
807 3352 870 3414 Vos
894 3361 1004 3432 autem,
1017 3353 1161 3432 ·Pisones,
1181 3353 1232 3415 in-

151 3484 402 3500 ——u--q-...a

192 3550 219 3620 1)
242 3548 282 3601 Cf.
303 3549 389 3614 Quint.
408 3549 452 3616 lX,
472 3550 500 3616 4,
519 3552 562 3606 51.
582 3554 614 3620 X,
634 3555 658 3617 1,
679 3551 722 3606 99.

187 3659 216 3732 2)
235 3659 275 3711 Gi.
293 3659 358 3730 Epp.
379 3662 413 3727 11,
434 3664 458 3728 1,
478 3662 529 3716 139
548 3680 606 3734 sqq.

187 3746 225 3840 ej
239 3769 280 3822 or.
298 3771 430 3824 werona.
449 3775 476 3826 a
496 3773 624 3826 arum.
643 3774 676 3827 aa
694 3774 790 3844 panop.
809 3791 835 3843 p.
850 3774 910 3826 mr.

194 3878 223 3952 4)
242 3880 282 3933 Ci.
300 3882 366 3953 Epp.
386 3884 419 3948 ll,
440 3885 464 3950 1,
487 3886 544 3938 152.
565 3886 618 3937 Cic.
638 3887 671 3938 do
690 3885 803 3972 llepubl.
820 3887 863 3951 lv,
886 3887 928 3938 11·

185 3989 216 4062 5)
237 3993 276 4044 lla
295 3993 383 4046 sabula
401 4005 544 4062 praetexta,
562 3998 666 4050 minime
683 4008 857 4070 praetentata,
876 4000 910 4054 cf.
927 3998 1032 4052 Lorsclr.
1053 3999 1079 4047 in
1098 3993 1231 4048 Welclscri
1294 4047 1296 4054 ,

238 4089 328 4143 Museo
344 4090 426 4144 llhcn.
447 4091 489 4145 Vl.
508 4109 533 4164 p.
555 4093 608 4146 509
628 4111 684 4170 sqq.

179 4197 600 4273 mmmqmam

288 4407 307 4440 ἱ
