2976 4986
535 383 782 452 ...57-

109 581 219 642 mounm
242 590 352 639 mamre
372 579 405 638 et
425 559 557 652 officium
579 574 690 652 podiae
710 571 858 636 docuisse
873 587 939 634 noo
959 570 1209 636 viduaretu-

112 685 279 758 demanuus
310 687 410 746 autem
433 680 641 746 hnecPisonis
658 687 735 746 natu
757 681 881 743 maioris
902 697 1005 758 cansa,
1028 682 1137 762 qnippe
1159 681 1215 760 qni·

109 793 170 854 ium
183 795 323 872 poemata
346 788 488 852 iuvenilia
508 789 642 866 fecisset,
661 789 795 868 praecipi
817 795 909 868 putat,
932 807 972 850 ne
990 790 1068 850 iutra
1088 788 1211 864 mediat
1248 873 1250 878 Ι

111 902 249 964 critatem
265 899 451 968 subsisteret.
486 898 633 978 ,Denique
652 896 875 964 Lindemanuus
889 897 930 958 de
946 897 1090 962 ¹carminis
1103 897 1211 958 ordino

110 1025 148 1070 ac
163 1008 362 1088 dispositione
374 1006 545 1068 disserens:
563 1005 685 1084 Sponte,
696 1005 800 1084 inquit,
814 1001 987 1084 iniettipitur
1001 1006 1090 1067 tutem
1103 1004 1210 1082 dispo-

109 1117 257 1193 sitionem,
271 1115 389 1194 paulam
402 1114 539 1175 rhetores
554 1114 714 1193 requirunt
728 1118 757 1173 et
769 1113 867 1192 quatis
882 1112 971 1173 estin
985 1114 1132 1192 oratione,
1148 1133 1210 1176 non

111 1243 179 1287 esse
195 1225 227 1286 iu
243 1225 372 1304 epistota
386 1223 599 1303 quarendum,
621 1243 659 1285 ne
677 1224 747 1286 dum
765 1223 797 1282 in
815 1223 947 1301 poe'tica.
992 1223 1092 1285 Nidito
1113 1231 1212 1285 tomen

108 1333 209 1396 minuo
240 1332 390 1394 Horatius
420 1331 498 1393 satis
526 1330 636 1393 iustam
666 1351 769 1392 rerum
796 1331 1021 1409 dispositionem
1040 1332 1151 1412 secuse
1179 1332 1212 1392 in
1277 1321 1279 1324 ’

112 1441 171 1504 iac
203 1441 332 1520 epistola
364 1439 605 1520 deprehenditur.
662 1439 711 1502 Ad
742 1457 830 1520 quam
862 1459 927 1500 rem
955 1439 1211 1520 comprobandam

112 1568 219 1613 omnes
254 1551 393 1612 carminis
421 1549 586 1612 sententias
619 1556 760 1630 tanquam
788 1548 906 1630 singula
927 1553 1088 1629 praecepta
1112 1547 1212 1608 denuo

112 1655 277 1720 lectoribus
301 1665 369 1720 ante
392 1658 497 1721 oculos
523 1659 634 1738 posuit,
658 1677 714 1738 qua
737 1659 855 1720 ratione
876 1655 910 1721 se
934 1657 1052 1719 facilem
1076 1662 1106 1716 et
1125 1672 1212 1716 eom-

74 1789 77 1798 ·
110 1764 231 1826 modam
256 1766 347 1826 totius
364 1765 510 1845 epistolae
528 1764 754 1846 dispositionem
772 1771 802 1826 et
813 1765 942 1827 tucidum
957 1764 1093 1826 ordinem
1107 1769 1215 1825 osten-

111 1871 196 1933 disse
224 1871 371 1950 opinatnr.
417 1869 503 1943 Quod
536 1887 595 1951 quo
618 1869 725 1932 melius
747 1872 979 1951 perspiceretur,
1003 1871 1158 1952 epistolam
1182 1872 1213 1932 in

112 1977 188 2042 duas
217 1984 319 2059 partes
348 1978 467 2056 divisit,
498 1995 621 2058 quarum
649 1979 733 2059 prior
762 1995 858 2058 usqne
889 1979 928 2040 ad
959 1998 988 2041 v.
1011 1978 1081 2041 294.
1113 1979 1212 2059 perti-

110 2091 196 2147 neat.
223 2085 256 2147 In
274 2087 472 2166 prioreparte
485 2085 602 2166 doceri,
616 2087 648 2147 iu
660 2088 799 2167 perfecto
817 2087 951 2148 carmine
966 2086 1038 2166 quid
1048 2086 1211 2166 requiren-

111 2195 199 2272 dum,
220 2211 299 2274 puae
320 2195 448 2256 virtutes
477 2197 656 2274 sectandae,
678 2214 756 2275 puae
782 2193 858 2256 uitio
877 2195 1020 2276 fupieudu
1031 2215 1043 2269 ‚·
1064 2199 1094 2258 in
1119 2197 1212 2258 altera

114 2308 224 2380 autem,
246 2317 324 2380 quae
345 2303 399 2364 oio
420 2305 563 2377 ineunda,
583 2299 619 2364 iat
640 2305 759 2366 iuuenis
773 2305 815 2366 ud
835 2303 915 2367 donc
931 2306 1214 2368 consummationem

108 2417 220 2490 podiae
240 2412 424 2491 perueniat,
453 2419 489 2473 ut
510 2414 695 2492 praecinens
716 2419 817 2493 ‘pediu
844 2415 907 2494 fiat.
951 2415 1099 2478 Summam
1122 2415 1213 2495 igitur

112 2521 255 2582 canninis
286 2537 375 2582 esse:
408 2519 456 2580 Dc
485 2521 622 2600 perfecto
649 2527 744 2599 pacta
771 2521 820 2583 vel
850 2521 888 2584 ad
914 2521 1070 2583 Ciceronis
1107 2537 1215 2582 exem-

111 2627 209 2710 plum:
239 2617 290 2688 'Da
317 2627 427 2705 optimo
446 2645 556 2708 penore
573 2633 745 2707 poetarum.
801 2631 933 2692 Priorem
953 2634 1067 2710 partem
1090 2626 1127 2688 ab
1147 2625 1214 2688 Ho-

112 2737 191 2799 ratio
212 2752 317 2798 rursus
339 2723 370 2798 in
397 2735 471 2799 duas
494 2717 563 2799 esse
586 2737 735 2815 divisam,
768 2739 799 2801 in
822 2743 983 2819 praecepta·
1002 2733 1158 2818 pancratio
1181 2739 1212 2795 et

112 2844 283 2924 specialia.v
384 2869 386 2874 ·
1108 2909 1110 2916 ,
1190 2859 1191 2864 ’

199 2953 341 3017 Videmus
365 2953 456 3035 igitur
468 2951 704 3017 Lindemannum
723 2957 754 3018 in
774 2938 878 3020 eorum
899 2955 1048 3019 sententia
1071 2968 1217 3034 perman-

65 3069 69 3078 “
115 3060 206 3138 sisse,
230 3061 280 3140 qni
303 3062 455 3122 Horatium
488 3062 518 3122 in
546 3062 604 3124 hac
627 3064 763 3143 epistota,
786 3080 863 3142 quac
895 3052 1018 3124 carmen
1034 3061 1213 3124 didacticum

114 3169 163 3245 sit,
182 3169 343 3248 praecipua
366 3174 478 3231 tantum
500 3171 572 3231 artis
593 3172 732 3251 poiticac
755 3173 850 3251 capita
876 3171 982 3232 ordine
1004 3170 1134 3250 quidem,
1156 3169 1212 3231 sed

113 3275 256 3338 liberiore
296 3277 347 3340 illo
388 3279 527 3357 poeticae
563 3278 710 3358 epistolae
743 3278 972 3340 accommodato
1006 3285 1210 3358 pertractasse

115 3383 291 3448 iudicarunt.
335 3385 423 3461 Quod
447 3389 520 3468 setis
542 3390 699 3469 perspicue
719 3387 766 3450 his
788 3389 889 3450 verbis
911 3387 1059 3450 declarat:
1081 3384 1210 3459 Etenim,

112 3491 232 3552 tametsi
254 3494 361 3573 nepari
391 3512 451 3555 uon
472 3500 590 3573 potest,
625 3495 657 3555 in
681 3495 809 3574 epistota
829 3495 960 3557 mamma
979 3494 1103 3574 poetica
1124 3494 1210 3555 ordi-

112 3617 180 3660 nem
208 3599 374 3682 dilipentem
403 3608 457 3664 uui
476 3603 664 3665 severiorem
692 3603 1025 3683 disputandinormam
1043 3621 1105 3664 non
1128 3607 1210 3663 recte

111 3705 221 3784 quaeri
229 3724 241 3779 ,·
262 3712 360 3768 tannen
374 3728 412 3772 ea
427 3711 594 3790 orpnmenti
610 3712 762 3772 tractandi
775 3712 906 3785 licentia,
925 3727 1005 3791 puae
1022 3711 1116 3790 piane
1136 3709 1209 3770 nul-

110 3813 173 3876 tum
192 3819 296 3877 seruet
326 3816 498 3896 disputandi
526 3818 661 3880 ordinem
682 3825 736 3879 aut
757 3819 926 3882 disserendi
946 3799 1030 3880 aiam
1049 3834 1087 3880 oc
1111 3818 1211 3878 ratio-

110 3939 199 3997 nem,
231 3937 328 4003 neque
349 3925 413 3986 ulia
434 3927 552 3988 ratione
574 3927 705 4007 capitata
724 3927 803 3988 inter
823 3947 858 3989 se
888 3946 971 3990 uena
988 3927 1090 4002 -aeiit,
1119 3945 1157 3985 ue
1178 3927 1210 3985 iu

111 4029 246 4090 camnine
266 4032 392 4110 quidem,
413 4038 443 4093 et
460 4037 544 4112 opud
563 4035 723 4098 Horatium
744 4054 779 4096 eo
801 4035 899 4096 minus
914 4035 995 4117 ferri
1006 4035 1130 4114 poterit,
1150 4055 1208 4113 quo

109 4138 205 4217 mauis
242 4138 308 4217 ipse
339 4140 469 4202 tucidum
504 4143 609 4205 laudat
641 4145 776 4206 ordinem
812 4144 898 4224 cipue
935 4146 1058 4206 multum
1105 4143 1211 4204 tribuit

110 4261 139 4307 o.
165 4249 203 4312 tr
228 4262 291 4328 app.
336 4248 438 4332 imque
461 4268 499 4312 ne
524 4270 590 4313 cnm
610 4252 815 4316 Lindemanuo
837 4253 958 4335 quidem
978 4253 1067 4315 nobis
1091 4269 1208 4314 conve-
