2976 4986
679 369 747 400 ··-.
777 285 923 410 nt...

246 551 355 598 esseo
380 530 437 594 diis
460 531 629 614 inrogotern
650 531 742 594 tinnit.
786 531 901 612 itaque,
922 549 1000 612 quoe
1018 537 1191 614 sequuntur,
1205 551 1273 597 corn
1289 553 1350 598 orr-

242 637 454 704 teoedentihus
478 638 588 718 optime
611 637 785 702 cohaerent.
829 639 893 702 Nec
915 640 1192 722 eutisperspienunr
1205 647 1261 720 est,
1274 644 1347 722 quid

242 746 283 810 nd
302 745 400 809 mulos
420 760 528 808 versus
551 741 711 808 iaciendos
732 761 800 808 eum
824 743 965 826 impellet,
988 747 1046 810 nisi
1071 745 1213 808 divinitus
1234 745 1294 810 hoo
1316 749 1346 812 ei

186 933 189 938 Ι
241 851 399 926 occiderit.
444 852 546 918 Utrum
569 854 685 934 patrios
708 872 813 918 manes
835 854 1011 935 violaverit,
1041 873 1081 920 en
1103 871 1224 920 socrum
1247 876 1347 940 quen·-

241 959 311 1026 drnn
326 958 426 1023 locum
439 959 589 1043 polluerit,
610 961 783 1044 quisdicat,
803 963 861 1026 sed
876 962 948 1028 illud
969 949 1169 1029 certiisimum
1190 972 1247 1044 est,
1269 965 1345 1032 deos

240 1069 339 1132 iratos
361 1086 429 1135 eurn
448 1069 480 1133 in
501 1069 636 1136 furorem
662 1073 774 1154 egisse.
816 1073 911 1152 Nun,
930 1077 964 1134 ut
986 1070 1071 1151 iero,
1099 1089 1178 1153 quoe
1199 1072 1345 1140 cancellis

222 1161 358 1242 'caveae
377 1177 484 1242 fruetis
511 1179 628 1262 erupit,
656 1196 763 1245 ornnes
793 1181 936 1244 indoctos
966 1180 1134 1262 doctusque
1161 1181 1277 1266 tugnhit
1306 1189 1349 1255 et,

242 1305 332 1370 quern
357 1287 639 1370 comprehenderit,
672 1289 712 1352 ud
742 1290 934 1372 cupiditatem
965 1289 1145 1371 explendum
1169 1291 1282 1354 tenebit
1309 1309 1346 1354 uc

240 1395 369 1461 molesto
388 1396 569 1460 recitatione
591 1397 723 1484 necabit,
740 1406 768 1478 ¹)
779 1399 928 1466 hirudinis
939 1399 1047 1479 instnr,
1071 1415 1149 1480 quoe
1162 1397 1253 1462 cernel
1269 1415 1340 1460 cor·

239 1507 309 1592 pori
332 1508 468 1590 opposite
489 1523 552 1568 non
579 1507 663 1587 prius
684 1509 807 1572 missum
828 1509 921 1574 societ
943 1513 1060 1586 cutem,
1082 1524 1171 1588 quum
1194 1505 1344 1586 sungnuine

240 1616 349 1680 oetion
363 1616 409 1677 sit.
422 1621 451 1694 ²)
471 1615 556 1690 Quae
568 1617 688 1698 quidem
700 1616 806 1681 furiosi
818 1619 929 1698 poetae
948 1615 1189 1696 descriptioque
1202 1614 1344 1678 Horatius

241 1721 324 1785 hanc
344 1721 502 1802 epistolum
522 1721 725 1804 pulcherrime
746 1724 910 1805 concludit,
926 1730 1138 1790 monstruosae
1158 1721 1282 1804 imagini
1305 1721 1343 1785 ub

240 1831 328 1895 initio
342 1807 468 1912 'positae
492 1833 603 1912 optime
625 1833 802 1914 respondet.
1348 1839 1351 1846 '

325 1939 392 2002 Hoc
422 1939 515 2022 igitur
534 1939 626 2004 rnodo
647 1939 722 2007 nrihi
742 1940 852 2006 videor
873 1939 960 2008 breui
981 1938 1187 2024 significasse,
1209 1955 1267 2020 pou
1289 1956 1345 2002 ro·

243 2050 328 2115 tione
349 2048 492 2112 Horatius
515 2049 691 2126 consilium,
713 2049 795 2131 quod
818 2051 849 2113 in
872 2049 931 2114 hcc
953 2049 1079 2132 epistole
1099 2047 1262 2114 scribendo
1286 2047 1345 2110 sibi

240 2161 453 2240 proposuerat,
470 2161 647 2234 persecutus
669 2157 718 2218 sit.
759 2156 809 2220 An
830 2173 905 2219 nero
929 2157 960 2218 in
982 2141 1221 2219 celebratissimo
1240 2154 1344 2218 unra-

241 2266 277 2329 tii
299 2265 433 2328 dormine
453 2262 640 2328 inlustrando
657 2263 768 2344 elirpuid
789 2263 984 2345 profecerim,
1004 2264 1079 2358 uiris
1100 2261 1210 2341 doctis,
1233 2261 1342 2344 quinne

241 2372 298 2436 hos
313 2371 481 2436 cnidiorum
500 2372 648 2454 primitias
667 2371 895 2438 commendatus
916 2371 1017 2452 velim,
1040 2369 1265 2438 diiudicandum
1289 2386 1345 2434 re·

241 2478 384 2560 linquam.

299 2719 328 2798 1)
350 2722 391 2776 Gi.
409 2723 463 2778 Set
480 2721 503 2787 l,
522 2721 550 2786 3,
569 2719 605 2774 86
624 2735 682 2790 oqq.

297 2829 327 2902 2)
351 2827 466 2884 Sinitern
485 2826 630 2880 recitrwrir
651 2823 755 2878 meieni
779 2823 919 2892 imaginetur
941 2821 1075 2878 Boiirnm
1098 2821 1139 2875 hir
1164 2821 1252 2876 verbio
1273 2820 1343 2876 hono

323 2940 326 2946 ·
344 2923 472 2992 expressit
491 2923 554 2994 (Set
572 2919 641 2985 utu,
661 2919 714 2974 etc
734 2923 822 2990 sqq.)r

349 3020 412 3072 Toor
430 3019 467 3070 lor
481 3019 558 3083 joon
576 3015 607 3068 de
623 3032 664 3068 ou
683 3031 756 3080 occo,
774 3016 834 3084 prid
850 3013 937 3084 proed
950 3012 1019 3064 inuit
1036 3011 1057 3066 u
1072 3013 1167 3078 recito,

346 3115 370 3168 rt
387 3123 437 3165 met
456 3113 515 3164 citer
534 3111 572 3164 tor
588 3111 699 3176 nudior,
713 3127 821 3182 porcos,
839 3112 905 3162 omis
922 3126 955 3160 en
971 3110 1045 3176 suite.

345 3211 401 3262 Cor
418 3209 519 3276 loroque
535 3223 583 3259 ron
603 3205 693 3258 de'mon
713 3221 858 3258 commutor
877 3209 894 3257 d
913 3203 1030 3272 dopiter,

349 3305 410 3358 Tortt
425 3303 529 3372 incpedd
549 3317 580 3356 ro
597 3308 716 3353 amante
735 3309 771 3354 ert
787 3303 846 3371 pret
866 3303 883 3354 d
903 3299 1026 3352 desertor.

545 3625 1043 3647 w
