<?xml version="1.0" encoding="UTF-8"?>
<!DOCTYPE html PUBLIC "-//W3C//DTD XHTML 1.0 Transitional//EN"
    "http://www.w3.org/TR/xhtml1/DTD/xhtml1-transitional.dtd">
<html xmlns="http://www.w3.org/1999/xhtml" xml:lang="en" lang="en">
 <head>
  <title>
</title>
<meta http-equiv="Content-Type" content="text/html;charset=utf-8" />
  <meta name='ocr-system' content='tesseract 3.04.00' />
  <meta name='ocr-capabilities' content='ocr_page ocr_carea ocr_par ocr_line ocrx_word'/>
</head>
<body>
  <div class='ocr_page' id='page_1' title='image "./dequintihoratii00hilggoog_0012.png"; bbox 0 0 2976 4986; ppageno 0'>
   <div class='ocr_carea' id='block_1_1' title="bbox 14 1190 1323 3632">
    <p class='ocr_par' dir='ltr' id='par_1_1' title="bbox 119 1190 1323 2697">
     <span class='ocr_line' id='line_1_1' title="bbox 119 1190 1216 1306; baseline -0.003 -25"><span class='ocrx_word' id='word_1_1' title='bbox 119 1190 295 1306; x_wconf 78' lang='lat' dir='ltr'>Quotquot·</span> <span class='ocrx_word' id='word_1_2' title='bbox 311 1215 490 1296; x_wconf 78' lang='lat' dir='ltr'>interpretes</span> <span class='ocrx_word' id='word_1_3' title='bbox 512 1213 544 1276; x_wconf 90' lang='lat' dir='ltr'>in</span> <span class='ocrx_word' id='word_1_4' title='bbox 557 1211 673 1276; x_wconf 76' lang='lat' dir='ltr'>Horatii</span> <span class='ocrx_word' id='word_1_5' title='bbox 697 1211 736 1275; x_wconf 90' lang='lat' dir='ltr'>ad</span> <span class='ocrx_word' id='word_1_6' title='bbox 748 1211 874 1276; x_wconf 87' lang='lat' dir='ltr'>Pisones</span> <span class='ocrx_word' id='word_1_7' title='bbox 888 1211 1015 1293; x_wconf 89' lang='lat' dir='ltr'>epistola</span> <span class='ocrx_word' id='word_1_8' title='bbox 1036 1213 1216 1296; x_wconf 85' lang='lat' dir='ltr'>explicanda</span> 
     </span>
     <span class='ocr_line' id='line_1_2' title="bbox 120 1329 1218 1409; baseline -0.003 -11"><span class='ocrx_word' id='word_1_9' title='bbox 120 1341 253 1398; x_wconf 85' lang='lat' dir='ltr'>mentem</span> <span class='ocrx_word' id='word_1_10' title='bbox 275 1337 494 1409; x_wconf 85' lang='lat' dir='ltr'>exercuerunt,</span> <span class='ocrx_word' id='word_1_11' title='bbox 515 1330 639 1394; x_wconf 93' lang='lat' dir='ltr'>totidem</span> <span class='ocrx_word' id='word_1_12' title='bbox 661 1329 727 1392; x_wconf 85' lang='lat' dir='ltr'>iere</span> <span class='ocrx_word' id='word_1_13' title='bbox 748 1331 916 1394; x_wconf 88' lang='lat' dir='ltr'>sententiae</span> <span class='ocrx_word' id='word_1_14' title='bbox 937 1331 969 1392; x_wconf 88' lang='lat' dir='ltr'>ira</span> <span class='ocrx_word' id='word_1_15' title='bbox 996 1330 1218 1396; x_wconf 82' lang='lat' dir='ltr'>diversissimas</span> 
     </span>
     <span class='ocr_line' id='line_1_3' title="bbox 119 1445 1219 1534; baseline -0.002 -19"><span class='ocrx_word' id='word_1_16' title='bbox 119 1459 223 1534; x_wconf 88' lang='lat' dir='ltr'>partes</span> <span class='ocrx_word' id='word_1_17' title='bbox 240 1450 386 1514; x_wconf 82' lang='lat' dir='ltr'>abeuntes</span> <span class='ocrx_word' id='word_1_18' title='bbox 408 1448 544 1530; x_wconf 90' lang='lat' dir='ltr'>prolatae</span> <span class='ocrx_word' id='word_1_19' title='bbox 565 1454 653 1525; x_wconf 89' lang='lat' dir='ltr'>suut,</span> <span class='ocrx_word' id='word_1_20' title='bbox 674 1453 764 1528; x_wconf 76' lang='lat' dir='ltr'>atque</span> <span class='ocrx_word' id='word_1_21' title='bbox 786 1445 867 1510; x_wconf 90' lang='lat' dir='ltr'>haud</span> <span class='ocrx_word' id='word_1_22' title='bbox 887 1449 975 1528; x_wconf 88' lang='lat' dir='ltr'>scio,</span> <span class='ocrx_word' id='word_1_23' title='bbox 998 1465 1037 1511; x_wconf 89' lang='lat' dir='ltr'>an</span> <span class='ocrx_word' id='word_1_24' title='bbox 1058 1449 1131 1512; x_wconf 82' lang='lat' dir='ltr'>nulli</span> <span class='ocrx_word' id='word_1_25' title='bbox 1151 1448 1219 1526; x_wconf 88' lang='lat' dir='ltr'>Ro-</span> 
     </span>
     <span class='ocr_line' id='line_1_4' title="bbox 121 1543 1221 1646; baseline -0.002 -15"><span class='ocrx_word' id='word_1_26' title='bbox 121 1585 278 1631; x_wconf 86' lang='lat' dir='ltr'>manomm</span> <span class='ocrx_word' id='word_1_27' title='bbox 302 1567 482 1646; x_wconf 88' lang='lat' dir='ltr'>scriptorum</span> <span class='ocrx_word' id='word_1_28' title='bbox 513 1565 599 1644; x_wconf 90' lang='lat' dir='ltr'>operi</span> <span class='ocrx_word' id='word_1_29' title='bbox 627 1570 686 1625; x_wconf 91' lang='lat' dir='ltr'>tam</span> <span class='ocrx_word' id='word_1_30' title='bbox 716 1565 802 1626; x_wconf 85' lang='lat' dir='ltr'>varia</span> <span class='ocrx_word' id='word_1_31' title='bbox 830 1543 952 1644; x_wconf 81' lang='lat' dir='ltr'>¹tanupue</span> <span class='ocrx_word' id='word_1_32' title='bbox 978 1567 1131 1628; x_wconf 88' lang='lat' dir='ltr'>contraria</span> <span class='ocrx_word' id='word_1_33' title='bbox 1153 1565 1221 1629; x_wconf 86' lang='lat' dir='ltr'>ior·</span> 
     </span>
     <span class='ocr_line' id='line_1_5' title="bbox 123 1681 1323 1769; baseline -0.003 -21"><span class='ocrx_word' id='word_1_34' title='bbox 123 1693 193 1748; x_wconf 89' lang='lat' dir='ltr'>tuna</span> <span class='ocrx_word' id='word_1_35' title='bbox 216 1683 390 1769; x_wconf 25' lang='lat' dir='ltr'>acciderit.-</span> <span class='ocrx_word' id='word_1_36' title='bbox 415 1682 510 1757; x_wconf 86' lang='lat' dir='ltr'>Quum</span> <span class='ocrx_word' id='word_1_37' title='bbox 525 1697 600 1743; x_wconf 89' lang='lat' dir='ltr'>vero</span> <span class='ocrx_word' id='word_1_38' title='bbox 621 1685 666 1743; x_wconf 90' lang='lat' dir='ltr'>tot</span> <span class='ocrx_word' id='word_1_39' title='bbox 694 1699 731 1742; x_wconf 90' lang='lat' dir='ltr'>ac</span> <span class='ocrx_word' id='word_1_40' title='bbox 751 1681 823 1744; x_wconf 88' lang='lat' dir='ltr'>tanti</span> <span class='ocrx_word' id='word_1_41' title='bbox 845 1681 903 1742; x_wconf 85' lang='lat' dir='ltr'>viri</span> <span class='ocrx_word' id='word_1_42' title='bbox 925 1681 1006 1745; x_wconf 91' lang='lat' dir='ltr'>docti</span> <span class='ocrx_word' id='word_1_43' title='bbox 1029 1683 1060 1744; x_wconf 93' lang='lat' dir='ltr'>in</span> <span class='ocrx_word' id='word_1_44' title='bbox 1081 1699 1118 1744; x_wconf 89' lang='lat' dir='ltr'>ca</span> <span class='ocrx_word' id='word_1_45' title='bbox 1139 1684 1220 1746; x_wconf 86' lang='lat' dir='ltr'>inlu·</span> <span class='ocrx_word' id='word_1_46' title='bbox 1320 1703 1323 1712; x_wconf 84' lang='lat'><strong>·</strong></span> 
     </span>
     <span class='ocr_line' id='line_1_6' title="bbox 121 1796 1218 1880; baseline -0.005 -13"><span class='ocrx_word' id='word_1_47' title='bbox 121 1803 246 1867; x_wconf 90' lang='lat' dir='ltr'>stranda</span> <span class='ocrx_word' id='word_1_48' title='bbox 267 1799 500 1877; x_wconf 81' lang='lat' dir='ltr'>elaboraverint,</span> <span class='ocrx_word' id='word_1_49' title='bbox 521 1799 632 1860; x_wconf 87' lang='lat' dir='ltr'>utiam</span> <span class='ocrx_word' id='word_1_50' title='bbox 653 1797 785 1860; x_wconf 87' lang='lat' dir='ltr'>Muretus</span> <span class='ocrx_word' id='word_1_51' title='bbox 800 1796 886 1859; x_wconf 90' lang='lat' dir='ltr'>brevi</span> <span class='ocrx_word' id='word_1_52' title='bbox 904 1797 1005 1878; x_wconf 86' lang='lat' dir='ltr'>piures</span> <span class='ocrx_word' id='word_1_53' title='bbox 1027 1801 1218 1880; x_wconf 86' lang='lat' dir='ltr'>interpretes,</span> 
     </span>
     <span class='ocr_line' id='line_1_7' title="bbox 121 1903 1277 2002; baseline -0.001 -20"><span class='ocrx_word' id='word_1_54' title='bbox 121 1937 211 2002; x_wconf 85' lang='lat' dir='ltr'>quarn</span> <span class='ocrx_word' id='word_1_55' title='bbox 235 1935 342 1982; x_wconf 83' lang='lat' dir='ltr'>versus</span> <span class='ocrx_word' id='word_1_56' title='bbox 363 1934 430 1978; x_wconf 88' lang='lat' dir='ltr'>eam</span> <span class='ocrx_word' id='word_1_57' title='bbox 452 1913 620 1977; x_wconf 87' lang='lat' dir='ltr'>habituram</span> <span class='ocrx_word' id='word_1_58' title='bbox 643 1931 713 1976; x_wconf 90' lang='lat' dir='ltr'>esse</span> <span class='ocrx_word' id='word_1_59' title='bbox 737 1913 841 1976; x_wconf 87' lang='lat' dir='ltr'>dicere</span> <span class='ocrx_word' id='word_1_60' title='bbox 863 1915 993 1978; x_wconf 89' lang='lat' dir='ltr'>soleret:</span> <span class='ocrx_word' id='word_1_61' title='bbox 1024 1915 1115 1982; x_wconf 81' lang='lat' dir='ltr'>facile</span> <span class='ocrx_word' id='word_1_62' title='bbox 1136 1919 1224 1999; x_wconf 88' lang='lat' dir='ltr'>quis·</span> <span class='ocrx_word' id='word_1_63' title='bbox 1270 1903 1277 1911; x_wconf 71' lang='grc'><strong>’</strong></span> 
     </span>
     <span class='ocr_line' id='line_1_8' title="bbox 122 2025 1223 2120; baseline -0.004 -20"><span class='ocrx_word' id='word_1_64' title='bbox 122 2041 203 2120; x_wconf 87' lang='lat' dir='ltr'>piam</span> <span class='ocrx_word' id='word_1_65' title='bbox 225 2036 400 2099; x_wconf 90' lang='lat' dir='ltr'>temeritatis</span> <span class='ocrx_word' id='word_1_66' title='bbox 415 2039 446 2096; x_wconf 92' lang='lat' dir='ltr'>et</span> <span class='ocrx_word' id='word_1_67' title='bbox 467 2031 658 2114; x_wconf 79' lang='lat' dir='ltr'>arrogantiae</span> <span class='ocrx_word' id='word_1_68' title='bbox 671 2049 720 2093; x_wconf 91' lang='lat' dir='ltr'>me</span> <span class='ocrx_word' id='word_1_69' title='bbox 737 2037 872 2110; x_wconf 88' lang='lat' dir='ltr'>accuset,</span> <span class='ocrx_word' id='word_1_70' title='bbox 894 2033 944 2112; x_wconf 86' lang='lat' dir='ltr'>qui</span> <span class='ocrx_word' id='word_1_71' title='bbox 968 2033 1005 2094; x_wconf 94' lang='lat' dir='ltr'>de</span> <span class='ocrx_word' id='word_1_72' title='bbox 1026 2025 1085 2095; x_wconf 84' lang='lat' dir='ltr'>hac</span> <span class='ocrx_word' id='word_1_73' title='bbox 1108 2053 1142 2096; x_wconf 93' lang='lat' dir='ltr'>re</span> <span class='ocrx_word' id='word_1_74' title='bbox 1165 2034 1223 2096; x_wconf 90' lang='lat' dir='ltr'>de-</span> 
     </span>
     <span class='ocr_line' id='line_1_9' title="bbox 124 2147 1226 2234; baseline -0.004 -16"><span class='ocrx_word' id='word_1_75' title='bbox 124 2173 186 2218; x_wconf 94' lang='lat' dir='ltr'>nuo</span> <span class='ocrx_word' id='word_1_76' title='bbox 207 2153 358 2234; x_wconf 90' lang='lat' dir='ltr'>disputare</span> <span class='ocrx_word' id='word_1_77' title='bbox 373 2149 444 2212; x_wconf 88' lang='lat' dir='ltr'>mihi</span> <span class='ocrx_word' id='word_1_78' title='bbox 464 2149 681 2231; x_wconf 84' lang='lat' dir='ltr'>proposuerim.</span> <span class='ocrx_word' id='word_1_79' title='bbox 724 2147 795 2228; x_wconf 89' lang='lat' dir='ltr'>Sed,</span> <span class='ocrx_word' id='word_1_80' title='bbox 819 2151 958 2230; x_wconf 87' lang='lat' dir='ltr'>quoniam</span> <span class='ocrx_word' id='word_1_81' title='bbox 972 2149 1050 2212; x_wconf 89' lang='lat' dir='ltr'>liber</span> <span class='ocrx_word' id='word_1_82' title='bbox 1071 2157 1102 2214; x_wconf 91' lang='lat' dir='ltr'>et</span> <span class='ocrx_word' id='word_1_83' title='bbox 1119 2157 1226 2234; x_wconf 90' lang='lat' dir='ltr'>patens</span> 
     </span>
     <span class='ocr_line' id='line_1_10' title="bbox 126 2241 1222 2347; baseline 0 -17"><span class='ocrx_word' id='word_1_84' title='bbox 126 2269 288 2333; x_wconf 80' lang='lat' dir='ltr'>litterarum</span> <span class='ocrx_word' id='word_1_85' title='bbox 314 2283 436 2347; x_wconf 90' lang='lat' dir='ltr'>campus</span> <span class='ocrx_word' id='word_1_86' title='bbox 459 2272 525 2343; x_wconf 87' lang='lat' dir='ltr'>cst,</span> <span class='ocrx_word' id='word_1_87' title='bbox 552 2265 626 2326; x_wconf 85' lang='lat' dir='ltr'>milii</span> <span class='ocrx_word' id='word_1_88' title='bbox 649 2241 768 2346; x_wconf 68' lang='lat' dir='ltr'>quo&#39;cpue</span> <span class='ocrx_word' id='word_1_89' title='bbox 790 2282 858 2326; x_wconf 92' lang='lat' dir='ltr'>eum</span> <span class='ocrx_word' id='word_1_90' title='bbox 882 2267 993 2328; x_wconf 91' lang='lat' dir='ltr'>intrare</span> <span class='ocrx_word' id='word_1_91' title='bbox 1017 2274 1048 2328; x_wconf 89' lang='lat' dir='ltr'>et</span> <span class='ocrx_word' id='word_1_92' title='bbox 1067 2274 1222 2330; x_wconf 87' lang='lat' dir='ltr'>certamen</span> 
     </span>
     <span class='ocr_line' id='line_1_11' title="bbox 124 2381 1225 2490; baseline 0.003 -44"><span class='ocrx_word' id='word_1_93' title='bbox 124 2385 228 2448; x_wconf 87' lang='lat' dir='ltr'>iicebit</span> <span class='ocrx_word' id='word_1_94' title='bbox 249 2381 337 2446; x_wconf 88' lang='lat' dir='ltr'>inire.</span> <span class='ocrx_word' id='word_1_95' title='bbox 357 2381 504 2490; x_wconf 46' lang='lat' dir='ltr'>&#39;&#39;iantum</span> <span class='ocrx_word' id='word_1_96' title='bbox 526 2399 601 2446; x_wconf 84' lang='lat' dir='ltr'>vero</span> <span class='ocrx_word' id='word_1_97' title='bbox 629 2382 735 2460; x_wconf 82' lang='lat' dir='ltr'>abest,</span> <span class='ocrx_word' id='word_1_98' title='bbox 765 2388 798 2444; x_wconf 91' lang='lat' dir='ltr'>ut</span> <span class='ocrx_word' id='word_1_99' title='bbox 826 2400 875 2443; x_wconf 90' lang='lat' dir='ltr'>me</span> <span class='ocrx_word' id='word_1_100' title='bbox 907 2387 998 2444; x_wconf 92' lang='lat' dir='ltr'>totam</span> <span class='ocrx_word' id='word_1_101' title='bbox 1024 2402 1088 2447; x_wconf 90' lang='lat' dir='ltr'>rem</span> <span class='ocrx_word' id='word_1_102' title='bbox 1114 2385 1225 2470; x_wconf 87' lang='lat' dir='ltr'>conse-</span> 
     </span>
     <span class='ocr_line' id='line_1_12' title="bbox 124 2491 1226 2592; baseline 0.001 -26"><span class='ocrx_word' id='word_1_103' title='bbox 124 2505 206 2566; x_wconf 87' lang='lat' dir='ltr'>cisse</span> <span class='ocrx_word' id='word_1_104' title='bbox 226 2501 362 2584; x_wconf 83' lang='lat' dir='ltr'>glorier,</span> <span class='ocrx_word' id='word_1_105' title='bbox 393 2505 425 2562; x_wconf 93' lang='lat' dir='ltr'>ut</span> <span class='ocrx_word' id='word_1_106' title='bbox 450 2499 583 2562; x_wconf 80' lang='lat' dir='ltr'>viroriun</span> <span class='ocrx_word' id='word_1_107' title='bbox 599 2491 770 2562; x_wconf 86' lang='lat' dir='ltr'>¹doctorum</span> <span class='ocrx_word' id='word_1_108' title='bbox 798 2501 917 2566; x_wconf 89' lang='lat' dir='ltr'>veniam</span> <span class='ocrx_word' id='word_1_109' title='bbox 946 2501 1121 2582; x_wconf 80' lang='lat' dir='ltr'>implorem,</span> <span class='ocrx_word' id='word_1_110' title='bbox 1144 2503 1226 2592; x_wconf 82' lang='lat' dir='ltr'>quod</span> 
     </span>
     <span class='ocr_line' id='line_1_13' title="bbox 128 2591 1225 2697; baseline -0.001 -14"><span class='ocrx_word' id='word_1_111' title='bbox 128 2638 193 2684; x_wconf 91' lang='lat' dir='ltr'>rem</span> <span class='ocrx_word' id='word_1_112' title='bbox 208 2591 299 2682; x_wconf 81' lang='lat' dir='ltr'>toties</span> <span class='ocrx_word' id='word_1_113' title='bbox 315 2623 472 2680; x_wconf 87' lang='lat' dir='ltr'>tractatam</span> <span class='ocrx_word' id='word_1_114' title='bbox 486 2616 708 2680; x_wconf 86' lang='lat' dir='ltr'>retractandam</span> <span class='ocrx_word' id='word_1_115' title='bbox 727 2617 923 2697; x_wconf 87' lang='lat' dir='ltr'>susceperim.</span> <span class='ocrx_word' id='word_1_116' title='bbox 965 2615 1075 2680; x_wconf 87' lang='lat' dir='ltr'>Verum</span> <span class='ocrx_word' id='word_1_117' title='bbox 1091 2617 1132 2682; x_wconf 90' lang='lat' dir='ltr'>ad</span> <span class='ocrx_word' id='word_1_118' title='bbox 1145 2618 1225 2682; x_wconf 86' lang='lat' dir='ltr'>hanc</span> 
     </span>
    </p>

    <p class='ocr_par' dir='ltr' id='par_1_2' title="bbox 14 2730 1225 3632">
     <span class='ocr_line' id='line_1_14' title="bbox 14 2730 1224 2828; baseline -0.003 -26"><span class='ocrx_word' id='word_1_119' title='bbox 14 2819 15 2828; x_wconf 8' lang='grc' dir='ltr'>ἵ</span> <span class='ocrx_word' id='word_1_120' title='bbox 129 2737 326 2818; x_wconf 86' lang='lat' dir='ltr'>scriptionem</span> <span class='ocrx_word' id='word_1_121' title='bbox 348 2730 427 2794; x_wconf 90' lang='lat' dir='ltr'>nulla</span> <span class='ocrx_word' id='word_1_122' title='bbox 449 2731 579 2813; x_wconf 82' lang='lat' dir='ltr'>aliare,</span> <span class='ocrx_word' id='word_1_123' title='bbox 602 2735 661 2796; x_wconf 91' lang='lat' dir='ltr'>nisi</span> <span class='ocrx_word' id='word_1_124' title='bbox 681 2751 796 2820; x_wconf 90' lang='lat' dir='ltr'>summa</span> <span class='ocrx_word' id='word_1_125' title='bbox 817 2733 903 2796; x_wconf 84' lang='lat' dir='ltr'>huius</span> <span class='ocrx_word' id='word_1_126' title='bbox 923 2735 1065 2797; x_wconf 89' lang='lat' dir='ltr'>carminis</span> <span class='ocrx_word' id='word_1_127' title='bbox 1088 2734 1224 2812; x_wconf 87' lang='lat' dir='ltr'>admira-</span> 
     </span>
     <span class='ocr_line' id='line_1_15' title="bbox 126 2838 1225 2931; baseline -0.003 -13"><span class='ocrx_word' id='word_1_128' title='bbox 126 2856 210 2918; x_wconf 85' lang='lat' dir='ltr'>tione</span> <span class='ocrx_word' id='word_1_129' title='bbox 233 2849 380 2914; x_wconf 86' lang='lat' dir='ltr'>adductus</span> <span class='ocrx_word' id='word_1_130' title='bbox 401 2866 478 2929; x_wconf 82' lang='lat' dir='ltr'>sum,</span> <span class='ocrx_word' id='word_1_131' title='bbox 501 2865 589 2931; x_wconf 82' lang='lat' dir='ltr'>quae,</span> <span class='ocrx_word' id='word_1_132' title='bbox 610 2851 638 2914; x_wconf 93' lang='lat' dir='ltr'>si</span> <span class='ocrx_word' id='word_1_133' title='bbox 661 2851 710 2914; x_wconf 87' lang='lat' dir='ltr'>iila</span> <span class='ocrx_word' id='word_1_134' title='bbox 732 2851 831 2912; x_wconf 92' lang='lat' dir='ltr'>minus</span> <span class='ocrx_word' id='word_1_135' title='bbox 852 2852 911 2912; x_wconf 88' lang='lat' dir='ltr'>erit</span> <span class='ocrx_word' id='word_1_136' title='bbox 927 2838 1073 2931; x_wconf 76' lang='lat' dir='ltr'>perfecta,</span> <span class='ocrx_word' id='word_1_137' title='bbox 1093 2869 1142 2914; x_wconf 88' lang='lat' dir='ltr'>me</span> <span class='ocrx_word' id='word_1_138' title='bbox 1165 2869 1225 2916; x_wconf 86' lang='lat' dir='ltr'>ex-</span> 
     </span>
     <span class='ocr_line' id='line_1_16' title="bbox 126 2965 1220 3060; baseline 0 -28"><span class='ocrx_word' id='word_1_139' title='bbox 126 2970 253 3034; x_wconf 88' lang='lat' dir='ltr'>cusabit.</span> <span class='ocrx_word' id='word_1_140' title='bbox 296 2967 468 3045; x_wconf 81' lang='lat' dir='ltr'>Quocirca,</span> <span class='ocrx_word' id='word_1_141' title='bbox 490 2965 663 3030; x_wconf 80' lang='lat' dir='ltr'>facturusne</span> <span class='ocrx_word' id='word_1_142' title='bbox 686 2969 742 3030; x_wconf 91' lang='lat' dir='ltr'>sim</span> <span class='ocrx_word' id='word_1_143' title='bbox 765 2984 877 3047; x_wconf 88' lang='lat' dir='ltr'>operae</span> <span class='ocrx_word' id='word_1_144' title='bbox 906 2967 1054 3060; x_wconf 87' lang='lat' dir='ltr'>pretium,</span> <span class='ocrx_word' id='word_1_145' title='bbox 1085 2970 1112 3030; x_wconf 90' lang='lat' dir='ltr'>si</span> <span class='ocrx_word' id='word_1_146' title='bbox 1134 2976 1220 3032; x_wconf 88' lang='lat' dir='ltr'>certo</span> 
     </span>
     <span class='ocr_line' id='line_1_17' title="bbox 129 3077 1225 3166; baseline 0 -18"><span class='ocrx_word' id='word_1_147' title='bbox 129 3086 268 3164; x_wconf 87' lang='lat' dir='ltr'>consilio,</span> <span class='ocrx_word' id='word_1_148' title='bbox 287 3101 397 3147; x_wconf 85' lang='lat' dir='ltr'>serem</span> <span class='ocrx_word' id='word_1_149' title='bbox 417 3086 633 3146; x_wconf 86' lang='lat' dir='ltr'>sentcntiamm</span> <span class='ocrx_word' id='word_1_150' title='bbox 646 3077 755 3148; x_wconf 85' lang='lat' dir='ltr'>ordine</span> <span class='ocrx_word' id='word_1_151' title='bbox 779 3091 810 3146; x_wconf 91' lang='lat' dir='ltr'>et</span> <span class='ocrx_word' id='word_1_152' title='bbox 831 3091 972 3147; x_wconf 88' lang='lat' dir='ltr'>accurata</span> <span class='ocrx_word' id='word_1_153' title='bbox 989 3085 1136 3147; x_wconf 81' lang='lat' dir='ltr'>orationis</span> <span class='ocrx_word' id='word_1_154' title='bbox 1150 3103 1225 3166; x_wconf 89' lang='lat' dir='ltr'>per·</span> 
     </span>
     <span class='ocr_line' id='line_1_18' title="bbox 130 3201 1223 3284; baseline 0.001 -20"><span class='ocrx_word' id='word_1_155' title='bbox 130 3203 270 3284; x_wconf 87' lang='lat' dir='ltr'>potuitate</span> <span class='ocrx_word' id='word_1_156' title='bbox 299 3201 378 3265; x_wconf 89' lang='lat' dir='ltr'>hanc</span> <span class='ocrx_word' id='word_1_157' title='bbox 407 3201 563 3282; x_wconf 85' lang='lat' dir='ltr'>epistolam</span> <span class='ocrx_word' id='word_1_158' title='bbox 585 3219 648 3265; x_wconf 90' lang='lat' dir='ltr'>non</span> <span class='ocrx_word' id='word_1_159' title='bbox 678 3219 785 3264; x_wconf 91' lang='lat' dir='ltr'>carere</span> <span class='ocrx_word' id='word_1_160' title='bbox 809 3201 1099 3280; x_wconf 85' lang='lat' dir='ltr'>demonstraverim,</span> <span class='ocrx_word' id='word_1_161' title='bbox 1119 3203 1223 3283; x_wconf 84' lang='lat' dir='ltr'>aequis</span> 
     </span>
     <span class='ocr_line' id='line_1_19' title="bbox 129 3304 1222 3398; baseline -0.002 -16"><span class='ocrx_word' id='word_1_162' title='bbox 129 3304 259 3382; x_wconf 83' lang='lat' dir='ltr'>viromm</span> <span class='ocrx_word' id='word_1_163' title='bbox 292 3319 450 3382; x_wconf 90' lang='lat' dir='ltr'>doctorum</span> <span class='ocrx_word' id='word_1_164' title='bbox 479 3318 598 3382; x_wconf 91' lang='lat' dir='ltr'>iudiciis</span> <span class='ocrx_word' id='word_1_165' title='bbox 633 3323 826 3382; x_wconf 90' lang='lat' dir='ltr'>committam.</span> <span class='ocrx_word' id='word_1_166' title='bbox 869 3317 940 3396; x_wconf 90' lang='lat' dir='ltr'>Sed,</span> <span class='ocrx_word' id='word_1_167' title='bbox 970 3318 1142 3398; x_wconf 85' lang='lat' dir='ltr'>priusquam</span> <span class='ocrx_word' id='word_1_168' title='bbox 1162 3319 1222 3381; x_wconf 89' lang='lat' dir='ltr'>hoc</span> 
     </span>
     <span class='ocr_line' id='line_1_20' title="bbox 125 3407 1223 3518; baseline 0 -20"><span class='ocrx_word' id='word_1_169' title='bbox 125 3437 311 3518; x_wconf 90' lang='lat' dir='ltr'>propositum</span> <span class='ocrx_word' id='word_1_170' title='bbox 332 3407 573 3516; x_wconf 83' lang='lat' dir='ltr'>persequendum</span> <span class='ocrx_word' id='word_1_171' title='bbox 593 3437 768 3518; x_wconf 82' lang='lat' dir='ltr'>aggrediar,</span> <span class='ocrx_word' id='word_1_172' title='bbox 788 3433 858 3518; x_wconf 84' lang='lat' dir='ltr'>quid</span> <span class='ocrx_word' id='word_1_173' title='bbox 879 3432 930 3496; x_wconf 88' lang='lat' dir='ltr'>alii</span> <span class='ocrx_word' id='word_1_174' title='bbox 951 3434 989 3498; x_wconf 89' lang='lat' dir='ltr'>de</span> <span class='ocrx_word' id='word_1_175' title='bbox 1014 3433 1073 3498; x_wconf 84' lang='lat' dir='ltr'>hoc</span> <span class='ocrx_word' id='word_1_176' title='bbox 1088 3434 1223 3498; x_wconf 84' lang='lat' dir='ltr'>carmine</span> 
     </span>
     <span class='ocr_line' id='line_1_21' title="bbox 125 3550 519 3632; baseline -0.005 -16"><span class='ocrx_word' id='word_1_177' title='bbox 125 3553 333 3632; x_wconf 84' lang='lat' dir='ltr'>iudicaverint,</span> <span class='ocrx_word' id='word_1_178' title='bbox 353 3550 519 3614; x_wconf 88' lang='lat' dir='ltr'>videamus.</span> 
     </span>
    </p>
   </div>
   <div class='ocr_carea' id='block_1_2' title="bbox 0 0 1507 4986">
    <p class='ocr_par' dir='ltr' id='par_1_3' title="bbox 0 0 1507 4986">
     <span class='ocr_line' id='line_1_22' title="bbox 0 0 1507 4986; baseline 0 0"><span class='ocrx_word' id='word_1_179' title='bbox 0 0 1507 4986; x_wconf 95' lang='lat' dir='ltr'> </span> 
     </span>
    </p>
   </div>
  </div>
 </body>
</html>
