2976 4986
573 703 716 722 ψ-

185 843 279 907 Natus
303 857 368 902 sum
388 839 418 901 in
439 855 533 921 pago,
553 840 602 901 cui
615 853 729 924 ‘nomen
742 839 1016 916 estLommersum,
1037 853 1116 900 anno
1138 837 1197 901 hu-

100 952 146 1013 ius
166 948 281 1012 sacculi
306 949 433 1029 quinto,
463 946 638 1027 parentibus
659 945 775 1008 Ioanne
796 943 936 1024 Hitpers,
959 944 1149 1025 architecto,
1169 953 1200 1009 et

103 1057 195 1119 Anno
219 1055 324 1116 Morta
353 1072 372 1116 e
395 1061 487 1136 gente
515 1052 684 1115 Pobstiono
716 1043 894 1116 catholicam
922 1051 1011 1115 fidem
1039 1049 1198 1133 protessis,

101 1182 177 1245 quos
198 1166 256 1227 iam
285 1163 395 1225 dudum
413 1163 505 1226 inter
525 1167 661 1228 mortuos
683 1160 803 1242 lugeo„
828 1159 926 1238 Pater,
946 1161 1000 1242 qui
1021 1161 1094 1224 nihii
1117 1165 1199 1225 anti-

101 1272 189 1353 quius
217 1270 340 1350 hahuit,
368 1288 456 1350 quam
490 1275 523 1334 ut
551 1268 665 1332 liberos
687 1267 768 1330 bene
788 1266 965 1331 educandos
987 1277 1124 1349 curaret,
1142 1287 1199 1332 me

103 1381 309 1462 septendecim
325 1396 422 1441 annos
442 1387 543 1441 natum
557 1396 592 1442 ac
606 1359 853 1458 litterissquihus
867 1383 951 1440 aetas
965 1377 1087 1458 puerilis
1103 1379 1201 1440 intor-

103 1489 180 1550 mari
201 1485 290 1564 solet,
316 1486 459 1550 imbutum
481 1484 919 1566 Coloniam'Agrippinensium
943 1483 1076 1566 deduxit,
1098 1485 1149 1548 ubi
1170 1488 1201 1549 in

102 1596 235 1678 collegio
253 1594 491 1675 Carmelitarum,
512 1595 593 1678 quod
614 1600 720 1675 postea
736 1594 886 1677 gymnasii
906 1593 1064 1656 Fridericii
1087 1593 1202 1678 Guile17

105 1706 157 1768 mii
182 1706 304 1767 nomine
327 1711 465 1774 ornanum
490 1711 556 1782 cst,
584 1723 602 1767 a
628 1703 710 1766 arto.
734 1703 836 1766 carot.
859 1701 938 1784 Aop.
959 1701 1130 1781 (tractoria,
1153 1697 1204 1764 tt-

102 1821 225 1886 rectore
247 1813 438 1894 dignissimo‚
453 1815 520 1876 viro
537 1813 730 1894 amplissimo,
752 1814 784 1875 in
806 1813 937 1894 quintam
959 1811 1088 1874 classem
1110 1828 1203 1872 recc-

104 1929 171 2002 ptus
191 1921 325 2002 egregiis
347 1919 593 2000 praeceptoribus
609 1937 682 1982 usus
705 1937 780 1982 sura.
824 1920 885 1983 Sex
905 1923 992 1984 annis
1012 1925 1080 2001 post
1103 1926 1203 1981 matu-

105 2029 202 2094 ritatis
220 2030 423 2092 testimonium
443 2034 550 2092 nactus
576 2029 606 2090 io
630 2028 708 2092 alma
729 2029 893 2092 litterarium
913 2027 1114 2092 Universitate
1133 2027 1204 2090 urt-

104 2137 220 2200 dericia
248 2136 405 2201 Guilelmia
434 2137 580 2200 Rhenana
609 2137 647 2201 ab
674 2135 751 2220 Aap.
784 2137 861 2200 soit.
893 2133 1043 2216 tiemaro,
1071 2137 1203 2199 Rectore

102 2245 285 2327 Magnifice,
313 2265 343 2308 v.
365 2245 423 2324 ct,
445 2247 524 2308 inter
546 2246 631 2308 cives
660 2245 855 2308 academicos
876 2244 988 2308 retatus
1010 2249 1042 2306 et
1062 2244 1099 2305 ab
1125 2241 1203 2323 aaa

103 2352 190 2414 Fcrd.
206 2352 333 2428 Nockio,
357 2353 423 2414 viro
438 2351 650 2431 celeberrimo,
674 2352 920 2434 philosophorum
943 2353 1043 2416 ordini
1056 2354 1211 2433 ascriptus⁸
1292 2385 1294 2387 ·

103 2477 159 2540 per
174 2461 334 2524 triennium
352 2458 539 2534 amomo,
562 2458 690 2535 Neritio,
714 2459 879 2536 Welctrcro,
901 2460 1079 2538 Nicbadrio,
1097 2459 1205 2523 Broc*

104 2567 203 2641 dicio,
224 2565 444 2640 Detbracckio,
477 2565 554 2646 Aac.
575 2567 653 2630 dett.
672 2585 694 2630 o
716 2566 852 2650 Scatepet
861 2613 872 2644 ,
893 2568 1114 2668 Hacttmonoo,
1136 2568 1207 2632 Rit-

103 2682 180 2754 toro,
200 2673 350 2736 Loebctla'o
364 2679 395 2738 et
407 2671 582 2749 Namatio,
605 2694 655 2738 vv.
677 2675 737 2757 ott,
759 2695 883 2758 operam
904 2677 986 2742 dedi.
1022 2678 1084 2742 Sed
1097 2683 1205 2742 exacto

107 2783 237 2848 triennio
270 2801 370 2846 rerum
400 2799 535 2848 mearum
565 2785 744 2866 angustiae,
771 2792 804 2849 ut
828 2787 979 2850 Musarum
1003 2787 1078 2850 sede
1101 2790 1206 2853 relicta

106 2891 281 2958 educatoris
292 2909 398 2956 munus
409 2892 618 2971 amplecterer,
634 2911 682 2955 mc
697 2897 872 2975 coegerunt
895 2895 960 2971 Qua
982 2897 1206 2961 necessitudine

105 3016 161 3078 per
177 2983 240 3060 tres
254 3016 353 3062 annos
371 3000 403 3062 in
426 2999 520 3062 nobiti
537 2999 665 3082 quadam
685 3001 917 3082 familia,·=cuius
939 3021 1014 3088 erga
1037 3021 1086 3070 me
1108 3007 1208 3069 benc-
1302 3003 1304 3008 ’

105 3106 270 3168 volentiam
300 3105 373 3168 satis
395 3106 520 3169 laudare
542 3125 674 3190 nequeo,
698 3110 855 3174 devinctus
876 3113 1014 3175 atmnnos
1035 3131 1121 3178 meos
1142 3116 1208 3197 pri-

108 3216 165 3276 mis
186 3214 350 3278 litterarum
375 3214 532 3280 abutentis
553 3216 724 3280 insintctos
738 3219 779 3280 ad
801 3221 992 3301 gymnasium
1003 3219 1208 3302 Bonnense'm,

109 3338 166 3399 qua
191 3322 220 3382 in
242 3321 317 3385 urbe
338 3321 503 3385 litterarum
524 3307 623 3387 studia
646 3327 760 3389 maiora
778 3345 845 3390 cum
868 3328 966 3392 fructu
982 3327 1083 3394 denuo
1104 3328 1208 3392 colere

108 3445 241 3507 possem,
267 3431 426 3494 comitatus
442 3448 516 3493 sum.
561 3431 664 3512 ltaque
685 3435 793 3495 civium
816 3435 1058 3501 academicorum
1081 3455 1206 3502 numero

111 3536 218 3595 iterum
253 3538 401 3618 ascriptus
433 3544 464 3599 et
490 3536 718 3617 professorum,
749 3560 826 3620 quos
856 3561 945 3625 supra
978 3545 1149 3626 nominavi,
1179 3554 1209 3610 et

114 3637 380 3718 Wndtseamanas,
404 3641 529 3718 stanti,
546 3642 724 3719 itinerarii,
746 3647 911 3730 Ritsoitclic',
936 3671 986 3716 vv.
1011 3653 1072 3736 cu,
1093 3654 1208 3719 scholis

108 3761 164 3824 pcr
186 3747 346 3808 trienninm
372 3748 435 3812 iore
457 3752 587 3814 interfui.

193 3853 255 3915 llos
286 3856 369 3917 viros
408 3857 617 3937 doctissimos,
648 3859 897 3947 inlustrissimos,
919 3885 995 3951 quos
1027 3877 1209 3952 praecepto-

109 3973 162 4019 res
193 3959 265 4020 mitri
296 3963 461 4044 contigisse
493 3967 634 4046 gaudeo,
665 3968 714 4046 pia
742 3977 890 4056 grataque
918 3978 1064 4044 memoria
1089 3997 1209 4062 semper

108 4081 284 4146 prosequar.
