2976 4986
686 351 935 422 -tbz-

259 543 363 620 putat,
390 535 557 620 quominus·
578 553 684 602 omues
704 537 770 600 etus
791 525 892 618 partes
923 535 974 598 uni
1008 531 1136 608 consitio
1165 535 1360 616 conveniant,

261 665 321 728 qrro
354 646 426 710 nihil
455 645 535 710 aliod
556 645 697 710 Horatius
725 647 871 726 voluerit,
901 648 961 710 oisi
988 663 1169 729 graecorum
1201 651 1359 728 poitarum
1478 659 1479 724 ι

261 760 376 834 saetae,
396 771 474 835 quoe
493 760 553 816 tum
568 751 683 818 Romae
710 760 787 834 erat,
808 755 956 826 rationem
978 761 1009 818 et
1028 760 1137 818 stabim
1161 761 1267 818 eontra
1291 773 1360 820 ma-

260 857 357 952 torum
386 862 432 924 sui
464 863 621 943 temporis
638 866 795 943 poetarum
818 862 935 926 turbam
960 861 1137 928 describere
1159 877 1197 924 ae
1217 862 1357 941 definire,

261 966 369 1056 quippe
391 966 442 1046 qui
462 983 525 1028 nou
539 966 637 1030 sotum
655 967 768 1036 invidia
787 973 822 1036 ‚et
842 969 1062 1044 obtrectatione
1075 969 1167 1048 ducti,
1188 970 1245 1034 sed
1268 971 1360 1036 etiarn
1478 967 1479 1008 ³

262 1075 328 1138 veri
351 1075 459 1154 ‘poesis
488 1074 602 1156 ingenii
631 1092 756 1156 prorsus
789 1076 888 1156 ignari
913 1077 1113 1142 monstruosis
1142 1077 1285 1160 operibus
1307 1096 1361 1141 re·

262 1183 429 1244 centiorum
450 1182 575 1246 meliora
599 1200 735 1264 quaeque
757 1183 855 1247 studia
867 1191 1042 1264 pervertere
1054 1191 1247 1266 conarentur.
1270 1185 1360 1260 Quod

262 1290 404 1355 conuiuis
425 1289 582 1354 consilium
601 1287 772 1352 Poasooius
794 1291 826 1354 in
851 1300 1029 1374 argumento
1051 1293 1185 1356 breviter
1205 1293 1355 1374 descripto

159 1389 161 1394 ’
260 1415 323 1462 non
344 1397 422 1463 male
444 1396 518 1460 mibi
538 1397 658 1460 videtur
683 1399 883 1480 significasse.
925 1400 1009 1464 idem
1032 1401 1124 1484 igitur
1143 1401 1248 1464 merito
1271 1401 1357 1464 reie-

262 1507 303 1568 oit
322 1505 677 1592 opimiorem-Weioberti
689 1514 732 1586 ¹),
754 1510 804 1588 qui
824 1508 979 1574 Horatium
1000 1508 1081 1574 bauo
1101 1510 1257 1590 epistotam
1276 1507 1359 1572 sori·

256 1615 359 1692 potsse
378 1621 472 1696 putat,
491 1632 553 1678 noa
573 1631 632 1696 quo
651 1615 822 1696 somittorer
843 1617 881 1678 de
901 1624 969 1682 orte
986 1619 1110 1696 poetica
1133 1619 1281 1692 amburet,
1302 1617 1359 1680 sed

258 1740 306 1784 se
308 1739 447 1804 suoque
460 1723 598 1786 commeo
618 1722 769 1804 adversm
784 1724 905 1823 irreptus
925 1725 1158 1788 obtrectatorum
1178 1741 1285 1794 voees
1296 1743 1359 1786 rru-

258 1825 373 1914 uosque
393 1810 615 1914 defenderem.
656 1833 703 1894 De
732 1832 802 1916 suis
834 1835 915 1896 enirn
946 1834 1129 1899 carminibus
1149 1833 1292 1898 Horatios
1326 1835 1358 1896 in

230 1963 233 1980 ι
259 1938 316 2002 bae
339 1936 505 2024 epistola
484 1938 606 2000 minime
625 1937 765 2022 loquitur
791 1939 836 2006 cf.
859 1961 889 2005 v
911 1917 983 2006 306.
1253 1935 1259 1948 '

342 2013 507 2112 Potdomos
528 2053 639 2127 autem,
663 2049 714 2128 qui
731 2046 875 2116 Poasoaii
896 2053 1077 2116 sententiam
1095 2049 1236 2116 refellere
1257 2067 1357 2116 eona·

259 2161 305 2222 tus
329 2158 430 2242 esti),
450 2161 535 2220 reete
555 2154 616 2218 boe
641 2173 763 2222 carmen
787 2158 944 2238 epistolam
974 2171 1045 2224 esse
1074 2159 1356 2248 adtentum-quae

260 2281 323 2326 non
346 2262 384 2325 ad
405 2281 496 2326 unum
514 2262 677 2342 bominem,
699 2263 756 2330 sed
777 2264 816 2328 ad
837 2266 1172 2348 universumpoputum
1191 2267 1357 2332 uoaauau

261 2369 429 2450 pertineat,
453 2369 484 2430 in
505 2386 563 2450 qua
586 2369 729 2432 Horatius
755 2371 874 2449 omnia,
904 2389 984 2452 quse
1009 2377 1071 2434 tum
1097 2374 1128 2435 in
1155 2375 1358 2454 sermonibus,

261 2483 323 2540 tum
335 2479 366 2541 in
381 2476 527 2559 epistolis,
548 2480 725 2562 praesertim
740 2480 771 2542 in
789 2480 858 2544 libri
879 2480 1006 2544 secundi
1025 2483 1168 2562 primast
1186 2482 1292 2562 altera,
1305 2483 1357 2546 iu-

265 2586 440 2666 dicavisset,
463 2586 735 2669 comprehenderit.
778 2586 840 2652 Sed
861 2605 939 2669 quae
958 2588 998 2652 do
1012 2588 1101 2652 buius
1115 2589 1260 2672 epistotae
1281 2607 1361 2660 eou-

262 2695 330 2758 sitio
355 2701 386 2766 et
412 2685 590 2778 argumento
612 2683 776 2758 Poldomau
796 2681 958 2778 iudicauit,¹
989 2697 1087 2761 minuis
1108 2699 1264 2778 probando
1277 2701 1360 2764 mibi

264 2804 411 2892 viuum,
442 2803 614 2885 mutam,
634 2803 739 2886 inqua
757 2803 832 2866 uuo
854 2805 948 2880 uuo,
968 2789 1318 2886 „subpraetorem
1331 2813 1361 2870 u

262 2911 413 3000 proximis
434 2910 619 2998 temporibus
640 2912 803 2990 temtabo
823 2919 877 2976 est.
919 2912 1073 2978 Prirrrario
1096 2921 1199 2978 aaran·
1214 2911 1360 2991 epistotae

265 3017 413 3082 restantio
440 3019 527 3082 boso
540 3025 616 3104 est.-
646 3018 888 3083 taenearum
914 3020 1067 3087 maenae
1095 3021 1216 3100 poema
1240 3019 1361 3100 §moenio

262 3147 323 3193 ooo
337 3129 460 3204 ootoreJ
481 3143 588 3208 quere,
607 3126 639 3188 si
649 3126 721 3206 quiri
730 3127 764 3190 iu
778 3127 833 3190 itta
848 3133 916 3190 arte
932 3134 1097 3207 prosatore
1108 3127 1211 3203 votiut,
1226 3144 1287 3190 ooo
1300 3126 1363 3188 nisi

266 3234 398 3318 ditiqeuti
421 3233 608 3296 Graecorum
627 3251 753 3314 operum
771 3234 882 3308 studio,
899 3233 1045 3311 prudenti
1061 3233 1225 3300 aoitotiorre
1240 3241 1269 3298 et
1284 3239 1364 3314 per-

262 3325 360 3426 petuo·
377 3344 501 3408 tiorurrdr‘
527 3343 633 3408 tutore
661 3343 794 3408 adbibito
821 3343 854 3406 id
868 3343 1018 3422 perficam
1036 3359 1140 3422 porse.
1184 3342 1363 3423 Quod·oui-

266 3453 335 3542 dom
347 3453 509 3518 Potdomur
529 3454 601 3518 inde
621 3454 684 3526 vult
702 3453 793 3534 effici,
817 3453 898 3534 quod
906 3453 1052 3520 Horatius
1062 3452 1256 3520 usitatissima
1268 3467 1362 3531 proe-

267 3567 353 3644 oepta
377 3579 415 3624 ao
436 3562 551 3642 prima,
587 3542 649 3622 non
671 3560 766 3622 solum
789 3560 861 3623 artis
884 3551 1043 3640 poeticae,¹
1065 3558 1121 3622 sed
1144 3560 1234 3622 etiam
1257 3559 1362 3620 ouius-

266 3685 324 3748 qoe
338 3665 476 3750 'generis
506 3667 670 3750 litterarum
701 3661 849 3728 elementa
871 3665 1022 3729 benevolo
1043 3645 1144 3728 animo
1167 3666 1288 3729 madere
1311 3667 1361 3727 vi-

267 3777 382 3838 deatur.
423 3775 532 3837 Verum
563 3773 642 3837 iilam
677 3775 855 3850 seutentiam
889 3773 949 3835 boe
970 3771 1060 3836 iilove
1085 3779 1197 3838 tantum
1220 3773 1362 3836 camninis

322 4009 394 4082 ut.
415 4008 434 4060 l.
453 4025 478 4077 p.
501 4009 559 4060 139.

323 4117 362 4184 2).
369 4116 441 4167 Poet.
460 4113 503 4165 lat
523 4112 615 4181 reliqu
637 4127 662 4180 p.
681 4111 743 4164 att.
842 4145 845 4152 ·

324 4220 352 4292 3)
373 4216 505 4270 intabuit
525 4217 590 4269 Nov
612 4215 703 4270 Annal.
723 4223 740 4266 t.
759 4215 811 4266 XV.
832 4229 856 4282 p.
875 4213 912 4272 88
925 4229 981 4284 sqq
1003 4222 1064 4267 ett.
1084 4212 1162 4266 xxti.
1185 4228 1210 4280 p
1228 4212 1281 4266 439
1302 4229 1361 4280 sqq
