<?xml version="1.0" encoding="UTF-8"?>
<!DOCTYPE html PUBLIC "-//W3C//DTD XHTML 1.0 Transitional//EN"
    "http://www.w3.org/TR/xhtml1/DTD/xhtml1-transitional.dtd">
<html xmlns="http://www.w3.org/1999/xhtml" xml:lang="en" lang="en">
 <head>
  <title>
</title>
<meta http-equiv="Content-Type" content="text/html;charset=utf-8" />
  <meta name='ocr-system' content='tesseract 3.04.00' />
  <meta name='ocr-capabilities' content='ocr_page ocr_carea ocr_par ocr_line ocrx_word'/>
</head>
<body>
  <div class='ocr_page' id='page_1' title='image "./dequintihoratii00hilggoog_0020.png"; bbox 0 0 2976 4986; ppageno 0'>
   <div class='ocr_carea' id='block_1_1' title="bbox 569 337 787 407">
    <p class='ocr_par' dir='ltr' id='par_1_1' title="bbox 569 337 787 407">
     <span class='ocr_line' id='line_1_1' title="bbox 569 337 787 407; baseline -0.014 -20"><span class='ocrx_word' id='word_1_1' title='bbox 569 337 787 407; x_wconf 80' lang='lat'>-9...</span> 
     </span>
    </p>
   </div>
   <div class='ocr_carea' id='block_1_2' title="bbox 123 509 1226 1050">
    <p class='ocr_par' dir='ltr' id='par_1_2' title="bbox 123 509 1226 1050">
     <span class='ocr_line' id='line_1_2' title="bbox 123 509 1224 626; baseline -0.021 -21"><span class='ocrx_word' id='word_1_2' title='bbox 123 557 200 604; x_wconf 83' lang='lat' dir='ltr'>cero</span> <span class='ocrx_word' id='word_1_3' title='bbox 226 537 259 598; x_wconf 83' lang='lat' dir='ltr'>in</span> <span class='ocrx_word' id='word_1_4' title='bbox 280 533 488 626; x_wconf 63' lang='lat' dir='ltr'>flomotmrom</span> <span class='ocrx_word' id='word_1_5' title='bbox 508 527 630 604; x_wconf 84' lang='lat' dir='ltr'>dromo,</span> <span class='ocrx_word' id='word_1_6' title='bbox 662 521 842 586; x_wconf 80' lang='lat' dir='ltr'>’confirmare</span> <span class='ocrx_word' id='word_1_7' title='bbox 863 517 990 582; x_wconf 86' lang='lat' dir='ltr'>videtur.</span> <span class='ocrx_word' id='word_1_8' title='bbox 1033 509 1127 593; x_wconf 80' lang='lat' dir='ltr'>Quam</span> <span class='ocrx_word' id='word_1_9' title='bbox 1149 535 1224 582; x_wconf 90' lang='lat' dir='ltr'>sen-</span> 
     </span>
     <span class='ocr_line' id='line_1_3' title="bbox 125 622 1224 719; baseline -0.025 -6"><span class='ocrx_word' id='word_1_10' title='bbox 125 648 251 714; x_wconf 87' lang='lat' dir='ltr'>tentiam</span> <span class='ocrx_word' id='word_1_11' title='bbox 274 643 409 707; x_wconf 80' lang='lat' dir='ltr'><strong>carmine</strong></span> <span class='ocrx_word' id='word_1_12' title='bbox 430 642 461 702; x_wconf 90' lang='lat' dir='ltr'>in</span> <span class='ocrx_word' id='word_1_13' title='bbox 479 645 542 702; x_wconf 86' lang='lat' dir='ltr'>tres</span> <span class='ocrx_word' id='word_1_14' title='bbox 573 639 676 716; x_wconf 87' lang='lat' dir='ltr'>partes</span> <span class='ocrx_word' id='word_1_15' title='bbox 702 631 800 694; x_wconf 84' lang='lat' dir='ltr'>diviso</span> <span class='ocrx_word' id='word_1_16' title='bbox 821 625 862 691; x_wconf 93' lang='lat' dir='ltr'>in</span> <span class='ocrx_word' id='word_1_17' title='bbox 889 622 1104 719; x_wconf 79' lang='lat' dir='ltr'>&#39;commentario</span> <span class='ocrx_word' id='word_1_18' title='bbox 1137 645 1224 700; x_wconf 88' lang='lat' dir='ltr'>com-</span> 
     </span>
     <span class='ocr_line' id='line_1_4' title="bbox 126 733 1224 839; baseline -0.022 -19"><span class='ocrx_word' id='word_1_19' title='bbox 126 757 258 839; x_wconf 86' lang='lat' dir='ltr'>probare</span> <span class='ocrx_word' id='word_1_20' title='bbox 273 756 401 816; x_wconf 90' lang='lat' dir='ltr'>conatus</span> <span class='ocrx_word' id='word_1_21' title='bbox 423 753 479 810; x_wconf 89' lang='lat' dir='ltr'>est.</span> <span class='ocrx_word' id='word_1_22' title='bbox 521 741 622 807; x_wconf 81' lang='lat' dir='ltr'>Paullo</span> <span class='ocrx_word' id='word_1_23' title='bbox 644 738 760 802; x_wconf 87' lang='lat' dir='ltr'>altius</span> <span class='ocrx_word' id='word_1_24' title='bbox 752 754 811 800; x_wconf 82' lang='lat' dir='ltr'>vam</span> <span class='ocrx_word' id='word_1_25' title='bbox 833 739 864 800; x_wconf 90' lang='lat' dir='ltr'>in</span> <span class='ocrx_word' id='word_1_26' title='bbox 886 736 975 800; x_wconf 90' lang='lat' dir='ltr'>huius</span> <span class='ocrx_word' id='word_1_27' title='bbox 996 733 1141 826; x_wconf 89' lang='lat' dir='ltr'>epistolae</span> <span class='ocrx_word' id='word_1_28' title='bbox 1164 751 1224 796; x_wconf 92' lang='lat' dir='ltr'>na-</span> 
     </span>
     <span class='ocr_line' id='line_1_5' title="bbox 127 835 1225 942; baseline -0.024 -13"><span class='ocrx_word' id='word_1_29' title='bbox 127 871 228 928; x_wconf 90' lang='lat' dir='ltr'>turam.</span> <span class='ocrx_word' id='word_1_30' title='bbox 258 857 430 942; x_wconf 85' lang='lat' dir='ltr'>penetravit</span> <span class='ocrx_word' id='word_1_31' title='bbox 459 848 654 916; x_wconf 83' lang='lat' dir='ltr'>Sonodonier</span> <span class='ocrx_word' id='word_1_32' title='bbox 678 853 723 927; x_wconf 83' lang='lat'>1),</span> <span class='ocrx_word' id='word_1_33' title='bbox 754 861 842 924; x_wconf 89' lang='lat' dir='ltr'>quum</span> <span class='ocrx_word' id='word_1_34' title='bbox 868 845 935 906; x_wconf 83' lang='lat' dir='ltr'>aitis</span> <span class='ocrx_word' id='word_1_35' title='bbox 962 860 1065 906; x_wconf 88' lang='lat' dir='ltr'>ansam</span> <span class='ocrx_word' id='word_1_36' title='bbox 1085 835 1172 904; x_wconf 90' lang='lat' dir='ltr'>simul</span> <span class='ocrx_word' id='word_1_37' title='bbox 1194 849 1225 904; x_wconf 89' lang='lat' dir='ltr'>et</span> 
     </span>
     <span class='ocr_line' id='line_1_6' title="bbox 127 938 1226 1050; baseline -0.023 -13"><span class='ocrx_word' id='word_1_38' title='bbox 127 971 285 1044; x_wconf 88' lang='lat' dir='ltr'>consilinm</span> <span class='ocrx_word' id='word_1_39' title='bbox 304 967 419 1050; x_wconf 88' lang='lat' dir='ltr'>primus</span> <span class='ocrx_word' id='word_1_40' title='bbox 434 957 670 1042; x_wconf 71' lang='lat' dir='ltr'>investigaverit</span> <span class='ocrx_word' id='word_1_41' title='bbox 704 955 896 1019; x_wconf 76' lang='lat' dir='ltr'>Dicitenimt·</span> <span class='ocrx_word' id='word_1_42' title='bbox 911 938 1145 1034; x_wconf 78' lang='lat' dir='ltr'>L&#39;indipnotion</span> <span class='ocrx_word' id='word_1_43' title='bbox 1152 950 1226 1030; x_wconf 85' lang='lat' dir='ltr'>pn&#39;il</span> 
     </span>
    </p>
   </div>
   <div class='ocr_carea' id='block_1_3' title="bbox 22 1057 1228 1156">
    <p class='ocr_par' dir='ltr' id='par_1_3' title="bbox 22 1057 1228 1156">
     <span class='ocr_line' id='line_1_7' title="bbox 22 1057 1228 1156; baseline -0.025 -9"><span class='ocrx_word' id='word_1_44' title='bbox 22 1089 26 1098; x_wconf 87' lang='lat'>&#39;</span> <span class='ocrx_word' id='word_1_45' title='bbox 129 1085 240 1156; x_wconf 76' lang='lat' dir='ltr'>conavi</span> <span class='ocrx_word' id='word_1_46' title='bbox 265 1079 370 1138; x_wconf 82' lang='lat' dir='ltr'>codlre</span> <span class='ocrx_word' id='word_1_47' title='bbox 389 1071 530 1152; x_wconf 79' lang='lat' dir='ltr'>quelques</span> <span class='ocrx_word' id='word_1_48' title='bbox 550 1064 704 1128; x_wconf 79' lang='lat' dir='ltr'>torlooins</span> <span class='ocrx_word' id='word_1_49' title='bbox 720 1063 757 1126; x_wconf 92' lang='lat' dir='ltr'>de</span> <span class='ocrx_word' id='word_1_50' title='bbox 773 1080 830 1124; x_wconf 82' lang='lat' dir='ltr'>seo</span> <span class='ocrx_word' id='word_1_51' title='bbox 841 1068 947 1140; x_wconf 81' lang='lat' dir='ltr'>temps,</span> <span class='ocrx_word' id='word_1_52' title='bbox 954 1059 1018 1140; x_wconf 84' lang='lat' dir='ltr'>poi</span> <span class='ocrx_word' id='word_1_53' title='bbox 1022 1078 1056 1122; x_wconf 83' lang='lat' dir='ltr'>ao</span> <span class='ocrx_word' id='word_1_54' title='bbox 1071 1057 1228 1150; x_wconf 79' lang='lat' dir='ltr'>conteieut</span> 
     </span>
    </p>
   </div>
   <div class='ocr_carea' id='block_1_4' title="bbox 128 1143 1234 1910">
    <p class='ocr_par' dir='ltr' id='par_1_4' title="bbox 128 1143 1234 1910">
     <span class='ocr_line' id='line_1_8' title="bbox 132 1143 1227 1264; baseline -0.023 -14"><span class='ocrx_word' id='word_1_55' title='bbox 132 1189 228 1250; x_wconf 76' lang='lat' dir='ltr'>d&#39;etre</span> <span class='ocrx_word' id='word_1_56' title='bbox 239 1187 355 1264; x_wconf 72' lang='lat' dir='ltr'>poetes,</span> <span class='ocrx_word' id='word_1_57' title='bbox 371 1195 447 1242; x_wconf 78' lang='lat' dir='ltr'>eoas</span> <span class='ocrx_word' id='word_1_58' title='bbox 458 1177 616 1242; x_wconf 73' lang='lat' dir='ltr'>conoollm</span> <span class='ocrx_word' id='word_1_59' title='bbox 630 1173 658 1234; x_wconf 89' lang='lat' dir='ltr'>le</span> <span class='ocrx_word' id='word_1_60' title='bbox 679 1169 766 1253; x_wconf 74' lang='lat' dir='ltr'>percle</span> <span class='ocrx_word' id='word_1_61' title='bbox 781 1169 817 1232; x_wconf 85' lang='lat' dir='ltr'>de</span> <span class='ocrx_word' id='word_1_62' title='bbox 832 1170 864 1232; x_wconf 87' lang='lat' dir='ltr'>lo</span> <span class='ocrx_word' id='word_1_63' title='bbox 885 1165 1032 1230; x_wconf 74' lang='lat' dir='ltr'>carnalla</span> <span class='ocrx_word' id='word_1_64' title='bbox 1052 1143 1179 1246; x_wconf 73' lang='lat' dir='ltr'>poesie,</span> <span class='ocrx_word' id='word_1_65' title='bbox 1198 1171 1227 1226; x_wconf 90' lang='lat' dir='ltr'>et</span> 
     </span>
     <span class='ocr_line' id='line_1_9' title="bbox 128 1275 1228 1376; baseline -0.019 -21"><span class='ocrx_word' id='word_1_66' title='bbox 128 1297 288 1376; x_wconf 77' lang='lat' dir='ltr'>peut-etro</span> <span class='ocrx_word' id='word_1_67' title='bbox 300 1291 343 1354; x_wconf 76' lang='lat' dir='ltr'>lea</span> <span class='ocrx_word' id='word_1_68' title='bbox 356 1287 510 1363; x_wconf 65' lang='lat' dir='ltr'>inimcos</span> <span class='ocrx_word' id='word_1_69' title='bbox 526 1279 664 1344; x_wconf 82' lang='lat' dir='ltr'>doPison</span> <span class='ocrx_word' id='word_1_70' title='bbox 677 1278 756 1342; x_wconf 88' lang='lat' dir='ltr'>etde</span> <span class='ocrx_word' id='word_1_71' title='bbox 768 1277 911 1357; x_wconf 74' lang='lat' dir='ltr'><strong><em>quelques</em></strong></span> <span class='ocrx_word' id='word_1_72' title='bbox 925 1281 1031 1338; x_wconf 78' lang='lat' dir='ltr'>autres</span> <span class='ocrx_word' id='word_1_73' title='bbox 1046 1275 1082 1337; x_wconf 88' lang='lat' dir='ltr'>de</span> <span class='ocrx_word' id='word_1_74' title='bbox 1091 1291 1143 1337; x_wconf 81' lang='lat' dir='ltr'>scs</span> <span class='ocrx_word' id='word_1_75' title='bbox 1157 1275 1228 1354; x_wconf 81' lang='lat' dir='ltr'>plus</span> 
     </span>
     <span class='ocr_line' id='line_1_10' title="bbox 132 1383 1229 1479; baseline -0.019 -14"><span class='ocrx_word' id='word_1_76' title='bbox 132 1403 267 1479; x_wconf 68' lang='lat' dir='ltr'>illustres</span> <span class='ocrx_word' id='word_1_77' title='bbox 296 1397 373 1462; x_wconf 84' lang='lat' dir='ltr'>omis</span> <span class='ocrx_word' id='word_1_78' title='bbox 393 1395 596 1476; x_wconf 78' lang='lat' dir='ltr'>l’enpapdreol</span> <span class='ocrx_word' id='word_1_79' title='bbox 616 1390 637 1452; x_wconf 85' lang='lat' dir='ltr'>d</span> <span class='ocrx_word' id='word_1_80' title='bbox 661 1385 849 1466; x_wconf 73' lang='lat' dir='ltr'>s’ecptipoer</span> <span class='ocrx_word' id='word_1_81' title='bbox 865 1384 938 1463; x_wconf 83' lang='lat' dir='ltr'>plna</span> <span class='ocrx_word' id='word_1_82' title='bbox 957 1401 1000 1445; x_wconf 86' lang='lat' dir='ltr'>ou</span> <span class='ocrx_word' id='word_1_83' title='bbox 1021 1383 1090 1464; x_wconf 82' lang='lat' dir='ltr'>lonp</span> <span class='ocrx_word' id='word_1_84' title='bbox 1111 1393 1168 1443; x_wconf 76' lang='lat' dir='ltr'>aar</span> <span class='ocrx_word' id='word_1_85' title='bbox 1187 1401 1229 1444; x_wconf 82' lang='lat' dir='ltr'>an</span> 
     </span>
     <span class='ocr_line' id='line_1_11' title="bbox 133 1481 1229 1591; baseline -0.019 -18"><span class='ocrx_word' id='word_1_86' title='bbox 133 1512 233 1591; x_wconf 73' lang='lat' dir='ltr'>sajet,</span> <span class='ocrx_word' id='word_1_87' title='bbox 253 1509 293 1571; x_wconf 85' lang='lat' dir='ltr'>ml</span> <span class='ocrx_word' id='word_1_88' title='bbox 311 1519 465 1588; x_wconf 78' lang='lat' dir='ltr'>peremne</span> <span class='ocrx_word' id='word_1_89' title='bbox 487 1481 526 1566; x_wconf 77' lang='lat' dir='ltr'>ne</span> <span class='ocrx_word' id='word_1_90' title='bbox 543 1497 674 1581; x_wconf 78' lang='lat' dir='ltr'>pmean</span> <span class='ocrx_word' id='word_1_91' title='bbox 697 1495 813 1566; x_wconf 78' lang='lat' dir='ltr'><em>donner</em></span> <span class='ocrx_word' id='word_1_92' title='bbox 837 1493 889 1556; x_wconf 83' lang='lat' dir='ltr'>dea</span> <span class='ocrx_word' id='word_1_93' title='bbox 909 1490 1007 1574; x_wconf 72' lang='lat' dir='ltr'>reples</span> <span class='ocrx_word' id='word_1_94' title='bbox 1027 1489 1099 1571; x_wconf 77' lang='lat' dir='ltr'>plor</span> <span class='ocrx_word' id='word_1_95' title='bbox 1120 1494 1229 1565; x_wconf 58' lang='lat' dir='ltr'>adrem</span> 
     </span>
     <span class='ocr_line' id='line_1_12' title="bbox 131 1597 1228 1696; baseline -0.02 -14"><span class='ocrx_word' id='word_1_96' title='bbox 131 1621 206 1682; x_wconf 85' lang='lat' dir='ltr'>c’esl</span> <span class='ocrx_word' id='word_1_97' title='bbox 226 1633 261 1682; x_wconf 86' lang='lat' dir='ltr'>oe</span> <span class='ocrx_word' id='word_1_98' title='bbox 280 1614 332 1696; x_wconf 79' lang='lat' dir='ltr'>poi</span> <span class='ocrx_word' id='word_1_99' title='bbox 352 1610 495 1696; x_wconf 73' lang='lat' dir='ltr'>escorni</span> <span class='ocrx_word' id='word_1_100' title='bbox 509 1608 654 1672; x_wconf 80' lang='lat' dir='ltr'>occasion</span> <span class='ocrx_word' id='word_1_101' title='bbox 677 1607 699 1668; x_wconf 84' lang='lat' dir='ltr'>d</span> <span class='ocrx_word' id='word_1_102' title='bbox 718 1605 751 1667; x_wconf 87' lang='lat' dir='ltr'>lo</span> <span class='ocrx_word' id='word_1_103' title='bbox 768 1601 868 1682; x_wconf 77' lang='lat' dir='ltr'>pilae,</span> <span class='ocrx_word' id='word_1_104' title='bbox 881 1619 938 1682; x_wconf 82' lang='lat' dir='ltr'>pue</span> <span class='ocrx_word' id='word_1_105' title='bbox 950 1617 1028 1662; x_wconf 77' lang='lat' dir='ltr'>noes</span> <span class='ocrx_word' id='word_1_106' title='bbox 1041 1597 1228 1662; x_wconf 79' lang='lat' dir='ltr'>ecantieooa.</span> 
     </span>
     <span class='ocr_line' id='line_1_13' title="bbox 129 1691 1232 1804; baseline -0.022 -11"><span class='ocrx_word' id='word_1_107' title='bbox 129 1727 190 1794; x_wconf 85' lang='lat' dir='ltr'>Sed</span> <span class='ocrx_word' id='word_1_108' title='bbox 214 1743 304 1789; x_wconf 90' lang='lat' dir='ltr'>nemo</span> <span class='ocrx_word' id='word_1_109' title='bbox 326 1725 357 1786; x_wconf 91' lang='lat' dir='ltr'>in</span> <span class='ocrx_word' id='word_1_110' title='bbox 380 1721 526 1804; x_wconf 81' lang='lat' dir='ltr'>peculiari</span> <span class='ocrx_word' id='word_1_111' title='bbox 553 1701 683 1780; x_wconf 86' lang='lat' dir='ltr'>consilio</span> <span class='ocrx_word' id='word_1_112' title='bbox 706 1691 920 1793; x_wconf 84' lang='lat' dir='ltr'>constituendo</span> <span class='ocrx_word' id='word_1_113' title='bbox 942 1711 1062 1792; x_wconf 85' lang='lat' dir='ltr'>longius</span> <span class='ocrx_word' id='word_1_114' title='bbox 1082 1725 1232 1790; x_wconf 83' lang='lat' dir='ltr'>progres-</span> 
     </span>
     <span class='ocr_line' id='line_1_14' title="bbox 130 1817 1234 1910; baseline -0.021 -10"><span class='ocrx_word' id='word_1_115' title='bbox 130 1853 184 1900; x_wconf 87' lang='lat' dir='ltr'>sus</span> <span class='ocrx_word' id='word_1_116' title='bbox 204 1841 252 1898; x_wconf 88' lang='lat' dir='ltr'>est</span> <span class='ocrx_word' id='word_1_117' title='bbox 280 1830 468 1908; x_wconf 74' lang='lat' dir='ltr'>wielando,</span> <span class='ocrx_word' id='word_1_118' title='bbox 503 1828 552 1910; x_wconf 89' lang='lat' dir='ltr'>qui</span> <span class='ocrx_word' id='word_1_119' title='bbox 573 1824 729 1890; x_wconf 78' lang='lat' dir='ltr'>Horatium</span> <span class='ocrx_word' id='word_1_120' title='bbox 752 1820 870 1883; x_wconf 91' lang='lat' dir='ltr'>Pisonis</span> <span class='ocrx_word' id='word_1_121' title='bbox 895 1818 985 1882; x_wconf 80' lang='lat' dir='ltr'>silium</span> <span class='ocrx_word' id='word_1_122' title='bbox 1008 1817 1152 1882; x_wconf 86' lang='lat' dir='ltr'>maiorem</span> <span class='ocrx_word' id='word_1_123' title='bbox 1175 1833 1234 1878; x_wconf 87' lang='lat' dir='ltr'>au-</span> 
     </span>
    </p>
   </div>
   <div class='ocr_carea' id='block_1_5' title="bbox 132 1916 1340 2024">
    <p class='ocr_par' dir='ltr' id='par_1_5' title="bbox 132 1916 1340 2024">
     <span class='ocr_line' id='line_1_15' title="bbox 132 1916 1340 2024; baseline -0.018 -16"><span class='ocrx_word' id='word_1_124' title='bbox 132 1951 219 2008; x_wconf 84' lang='lat' dir='ltr'>ctora</span> <span class='ocrx_word' id='word_1_125' title='bbox 236 1947 322 2024; x_wconf 84' lang='lat' dir='ltr'>patre</span> <span class='ocrx_word' id='word_1_126' title='bbox 344 1957 362 2002; x_wconf 87' lang='lat' dir='ltr'>a</span> <span class='ocrx_word' id='word_1_127' title='bbox 383 1937 523 2002; x_wconf 84' lang='lat' dir='ltr'>versibus</span> <span class='ocrx_word' id='word_1_128' title='bbox 539 1931 692 1998; x_wconf 86' lang='lat' dir='ltr'>iaciendis</span> <span class='ocrx_word' id='word_1_129' title='bbox 717 1945 875 1998; x_wconf 85' lang='lat' dir='ltr'>revocare</span> <span class='ocrx_word' id='word_1_130' title='bbox 889 1928 1023 1991; x_wconf 89' lang='lat' dir='ltr'>voluisse</span> <span class='ocrx_word' id='word_1_131' title='bbox 1053 1941 1071 1990; x_wconf 87' lang='lat' dir='ltr'>e</span> <span class='ocrx_word' id='word_1_132' title='bbox 1098 1916 1232 2007; x_wconf 74' lang='lat' dir='ltr'>plurilius</span> <span class='ocrx_word' id='word_1_133' title='bbox 1338 2009 1340 2014; x_wconf 23' lang='grc' dir='ltr'>Ι</span> 
     </span>
    </p>
   </div>
   <div class='ocr_carea' id='block_1_6' title="bbox 134 2031 1244 3541">
    <p class='ocr_par' dir='ltr' id='par_1_6' title="bbox 134 2031 1244 3541">
     <span class='ocr_line' id='line_1_16' title="bbox 136 2031 1233 2134; baseline -0.021 -18"><span class='ocrx_word' id='word_1_134' title='bbox 136 2050 284 2134; x_wconf 85' lang='lat' dir='ltr'>epistolae</span> <span class='ocrx_word' id='word_1_135' title='bbox 298 2049 375 2114; x_wconf 85' lang='lat' dir='ltr'>loeis</span> <span class='ocrx_word' id='word_1_136' title='bbox 399 2053 503 2128; x_wconf 87' lang='lat' dir='ltr'>patore</span> <span class='ocrx_word' id='word_1_137' title='bbox 523 2045 628 2120; x_wconf 86' lang='lat' dir='ltr'>statuit</span> <span class='ocrx_word' id='word_1_138' title='bbox 644 2049 696 2122; x_wconf 85' lang='lat'>²).-·</span> <span class='ocrx_word' id='word_1_139' title='bbox 725 2043 773 2106; x_wconf 88' lang='lat' dir='ltr'>De</span> <span class='ocrx_word' id='word_1_140' title='bbox 791 2055 859 2124; x_wconf 87' lang='lat' dir='ltr'>quo</span> <span class='ocrx_word' id='word_1_141' title='bbox 872 2037 985 2101; x_wconf 84' lang='lat' dir='ltr'>iudicio</span> <span class='ocrx_word' id='word_1_142' title='bbox 1007 2041 1091 2098; x_wconf 89' lang='lat' dir='ltr'>recte</span> <span class='ocrx_word' id='word_1_143' title='bbox 1106 2031 1233 2096; x_wconf 78' lang='lat' dir='ltr'>Artius·</span> 
     </span>
     <span class='ocr_line' id='line_1_17' title="bbox 136 2142 1235 2252; baseline -0.016 -30"><span class='ocrx_word' id='word_1_144' title='bbox 136 2159 171 2222; x_wconf 82' lang='lat' dir='ltr'>Sl</span> <span class='ocrx_word' id='word_1_145' title='bbox 191 2163 407 2238; x_wconf 76' lang='lat' dir='ltr'>orpummtum,</span> <span class='ocrx_word' id='word_1_146' title='bbox 430 2154 534 2235; x_wconf 73' lang='lat' dir='ltr'>inperii,</span> <span class='ocrx_word' id='word_1_147' title='bbox 554 2170 576 2216; x_wconf 88' lang='lat' dir='ltr'>o</span> <span class='ocrx_word' id='word_1_148' title='bbox 595 2150 773 2244; x_wconf 76' lang='lat' dir='ltr'>Wielondio,</span> <span class='ocrx_word' id='word_1_149' title='bbox 794 2142 932 2252; x_wconf 79' lang='lat' dir='ltr'>puomoil</span> <span class='ocrx_word' id='word_1_150' title='bbox 952 2144 1044 2208; x_wconf 85' lang='lat' dir='ltr'>multo</span> <span class='ocrx_word' id='word_1_151' title='bbox 1069 2163 1137 2208; x_wconf 85' lang='lat' dir='ltr'>cum</span> <span class='ocrx_word' id='word_1_152' title='bbox 1155 2161 1235 2206; x_wconf 85' lang='lat' dir='ltr'>aco</span> 
     </span>
     <span class='ocr_line' id='line_1_18' title="bbox 134 2233 1236 2348; baseline -0.018 -15"><span class='ocrx_word' id='word_1_153' title='bbox 134 2266 214 2332; x_wconf 78' lang='lat' dir='ltr'>inice</span> <span class='ocrx_word' id='word_1_154' title='bbox 231 2283 400 2348; x_wconf 74' lang='lat' dir='ltr'>mopsopoe</span> <span class='ocrx_word' id='word_1_155' title='bbox 419 2261 559 2326; x_wconf 79' lang='lat' dir='ltr'>veritatis</span> <span class='ocrx_word' id='word_1_156' title='bbox 583 2259 685 2340; x_wconf 78' lang='lat' dir='ltr'>specie</span> <span class='ocrx_word' id='word_1_157' title='bbox 703 2233 904 2339; x_wconf 77' lang='lat' dir='ltr'>propositum,</span> <span class='ocrx_word' id='word_1_158' title='bbox 925 2253 1079 2334; x_wconf 78' lang='lat' dir='ltr'>cumipse</span> <span class='ocrx_word' id='word_1_159' title='bbox 1102 2251 1236 2316; x_wconf 74' lang='lat' dir='ltr'>comice</span> 
     </span>
     <span class='ocr_line' id='line_1_19' title="bbox 136 2341 1238 2452; baseline -0.015 -13"><span class='ocrx_word' id='word_1_160' title='bbox 136 2375 301 2439; x_wconf 73' lang='lat' dir='ltr'>amavero</span> <span class='ocrx_word' id='word_1_161' title='bbox 330 2379 360 2436; x_wconf 87' lang='lat' dir='ltr'>et</span> <span class='ocrx_word' id='word_1_162' title='bbox 390 2371 638 2452; x_wconf 65' lang='lat' dir='ltr'>morocoria,</span> <span class='ocrx_word' id='word_1_163' title='bbox 669 2369 754 2432; x_wconf 81' lang='lat' dir='ltr'>oolla</span> <span class='ocrx_word' id='word_1_164' title='bbox 776 2367 842 2430; x_wconf 85' lang='lat' dir='ltr'>eius</span> <span class='ocrx_word' id='word_1_165' title='bbox 866 2365 916 2429; x_wconf 82' lang='lat' dir='ltr'>cel</span> <span class='ocrx_word' id='word_1_166' title='bbox 937 2341 1050 2427; x_wconf 81' lang='lat' dir='ltr'>iudicio</span> <span class='ocrx_word' id='word_1_167' title='bbox 1068 2363 1119 2425; x_wconf 86' lang='lat' dir='ltr'>cel</span> <span class='ocrx_word' id='word_1_168' title='bbox 1139 2361 1238 2424; x_wconf 77' lang='lat' dir='ltr'>dom-</span> 
     </span>
     <span class='ocr_line' id='line_1_20' title="bbox 135 2467 1237 2562; baseline -0.017 -14"><span class='ocrx_word' id='word_1_169' title='bbox 135 2489 237 2547; x_wconf 79' lang='lat' dir='ltr'>mento</span> <span class='ocrx_word' id='word_1_170' title='bbox 265 2482 299 2544; x_wconf 82' lang='lat' dir='ltr'>in</span> <span class='ocrx_word' id='word_1_171' title='bbox 323 2481 392 2562; x_wconf 79' lang='lat' dir='ltr'>ipso</span> <span class='ocrx_word' id='word_1_172' title='bbox 414 2479 550 2544; x_wconf 77' lang='lat' dir='ltr'>camnine</span> <span class='ocrx_word' id='word_1_173' title='bbox 569 2478 704 2558; x_wconf 72' lang='lat' dir='ltr'>reperta·</span> <span class='ocrx_word' id='word_1_174' title='bbox 723 2479 755 2539; x_wconf 83' lang='lat' dir='ltr'>in</span> <span class='ocrx_word' id='word_1_175' title='bbox 785 2468 890 2540; x_wconf 74' lang='lat' dir='ltr'>coelos</span> <span class='ocrx_word' id='word_1_176' title='bbox 913 2474 1053 2540; x_wconf 75' lang='lat' dir='ltr'>incurrit</span> <span class='ocrx_word' id='word_1_177' title='bbox 1086 2467 1237 2534; x_wconf 79' lang='lat' dir='ltr'>Wielon—</span> 
     </span>
     <span class='ocr_line' id='line_1_21' title="bbox 135 2581 1236 2667; baseline -0.013 -13"><span class='ocrx_word' id='word_1_178' title='bbox 135 2591 203 2654; x_wconf 79' lang='lat' dir='ltr'>dius</span> <span class='ocrx_word' id='word_1_179' title='bbox 224 2591 349 2654; x_wconf 90' lang='lat' dir='ltr'>veroin</span> <span class='ocrx_word' id='word_1_180' title='bbox 373 2607 412 2654; x_wconf 90' lang='lat' dir='ltr'>eo</span> <span class='ocrx_word' id='word_1_181' title='bbox 434 2587 713 2664; x_wconf 74' lang='lat' dir='ltr'>maximeerravit,</span> <span class='ocrx_word' id='word_1_182' title='bbox 746 2585 826 2667; x_wconf 85' lang='lat' dir='ltr'>quod</span> <span class='ocrx_word' id='word_1_183' title='bbox 850 2603 916 2648; x_wconf 86' lang='lat' dir='ltr'>cnm</span> <span class='ocrx_word' id='word_1_184' title='bbox 939 2581 1114 2646; x_wconf 62' lang='lat' dir='ltr'>mendeno</span> <span class='ocrx_word' id='word_1_185' title='bbox 1132 2591 1236 2658; x_wconf 87' lang='lat' dir='ltr'>neque</span> 
     </span>
     <span class='ocr_line' id='line_1_22' title="bbox 138 2691 1237 2778; baseline -0.013 -15"><span class='ocrx_word' id='word_1_186' title='bbox 138 2707 251 2764; x_wconf 86' lang='lat' dir='ltr'>certam</span> <span class='ocrx_word' id='word_1_187' title='bbox 281 2699 507 2778; x_wconf 74' lang='lat' dir='ltr'>compositionis</span> <span class='ocrx_word' id='word_1_188' title='bbox 531 2697 688 2776; x_wconf 86' lang='lat' dir='ltr'>rationem,</span> <span class='ocrx_word' id='word_1_189' title='bbox 714 2714 813 2778; x_wconf 88' lang='lat' dir='ltr'>neque</span> <span class='ocrx_word' id='word_1_190' title='bbox 837 2691 975 2757; x_wconf 85' lang='lat' dir='ltr'>sevorum</span> <span class='ocrx_word' id='word_1_191' title='bbox 998 2691 1159 2753; x_wconf 87' lang='lat' dir='ltr'>vorborum</span> <span class='ocrx_word' id='word_1_192' title='bbox 1182 2705 1237 2749; x_wconf 83' lang='lat' dir='ltr'>or-</span> 
     </span>
     <span class='ocr_line' id='line_1_23' title="bbox 140 2797 1238 2888; baseline -0.015 -14"><span class='ocrx_word' id='word_1_193' title='bbox 140 2811 242 2874; x_wconf 88' lang='lat' dir='ltr'>dinem</span> <span class='ocrx_word' id='word_1_194' title='bbox 273 2823 313 2870; x_wconf 85' lang='lat' dir='ltr'>ex</span> <span class='ocrx_word' id='word_1_195' title='bbox 341 2806 532 2888; x_wconf 80' lang='lat' dir='ltr'>epistolarum</span> <span class='ocrx_word' id='word_1_196' title='bbox 554 2805 675 2868; x_wconf 87' lang='lat' dir='ltr'>lieentia</span> <span class='ocrx_word' id='word_1_197' title='bbox 707 2805 737 2866; x_wconf 91' lang='lat' dir='ltr'>in</span> <span class='ocrx_word' id='word_1_198' title='bbox 762 2803 824 2870; x_wconf 92' lang='lat' dir='ltr'>hoc</span> <span class='ocrx_word' id='word_1_199' title='bbox 843 2803 975 2866; x_wconf 85' lang='lat' dir='ltr'>carmine</span> <span class='ocrx_word' id='word_1_200' title='bbox 987 2797 1137 2882; x_wconf 90' lang='lat' dir='ltr'>postulari</span> <span class='ocrx_word' id='word_1_201' title='bbox 1159 2811 1238 2859; x_wconf 92' lang='lat' dir='ltr'>con·</span> 
     </span>
     <span class='ocr_line' id='line_1_24' title="bbox 141 2898 803 2980; baseline -0.012 0"><span class='ocrx_word' id='word_1_202' title='bbox 141 2898 246 2980; x_wconf 84' lang='lat' dir='ltr'>tendit.</span> <span class='ocrx_word' id='word_1_203' title='bbox 768 2949 772 2958; x_wconf 90' lang='lat'>·</span> <span class='ocrx_word' id='word_1_204' title='bbox 799 2931 803 2936; x_wconf 90' lang='lat'>·</span> 
     </span>
     <span class='ocr_line' id='line_1_25' title="bbox 232 3012 1238 3104; baseline -0.011 -17"><span class='ocrx_word' id='word_1_205' title='bbox 232 3019 391 3087; x_wconf 81' lang='lat' dir='ltr'>Wlelondii</span> <span class='ocrx_word' id='word_1_206' title='bbox 423 3012 593 3102; x_wconf 82' lang='lat' dir='ltr'>sententia,</span> <span class='ocrx_word' id='word_1_207' title='bbox 623 3039 710 3104; x_wconf 87' lang='lat' dir='ltr'>quum</span> <span class='ocrx_word' id='word_1_208' title='bbox 745 3022 879 3085; x_wconf 85' lang='lat' dir='ltr'>novitate</span> <span class='ocrx_word' id='word_1_209' title='bbox 908 3027 939 3083; x_wconf 88' lang='lat' dir='ltr'>et</span> <span class='ocrx_word' id='word_1_210' title='bbox 960 3019 1126 3102; x_wconf 85' lang='lat' dir='ltr'>sagacitate</span> <span class='ocrx_word' id='word_1_211' title='bbox 1150 3012 1238 3078; x_wconf 90' lang='lat' dir='ltr'>valde</span> 
     </span>
     <span class='ocr_line' id='line_1_26' title="bbox 152 3123 1240 3211; baseline -0.008 -16"><span class='ocrx_word' id='word_1_212' title='bbox 152 3133 418 3209; x_wconf 82' lang='lat' dir='ltr'>commendaretur,</span> <span class='ocrx_word' id='word_1_213' title='bbox 440 3132 539 3194; x_wconf 88' lang='lat' dir='ltr'>multis</span> <span class='ocrx_word' id='word_1_214' title='bbox 559 3133 633 3195; x_wconf 82' lang='lat' dir='ltr'>vir-is</span> <span class='ocrx_word' id='word_1_215' title='bbox 654 3131 751 3195; x_wconf 86' lang='lat' dir='ltr'>doctis</span> <span class='ocrx_word' id='word_1_216' title='bbox 772 3138 803 3194; x_wconf 88' lang='lat' dir='ltr'>et</span> <span class='ocrx_word' id='word_1_217' title='bbox 826 3129 970 3211; x_wconf 85' lang='lat' dir='ltr'>imprimis</span> <span class='ocrx_word' id='word_1_218' title='bbox 1003 3127 1122 3209; x_wconf 85' lang='lat' dir='ltr'>quidem</span> <span class='ocrx_word' id='word_1_219' title='bbox 1145 3123 1240 3188; x_wconf 86' lang='lat' dir='ltr'>Stan-</span> 
     </span>
     <span class='ocr_line' id='line_1_27' title="bbox 143 3235 1241 3324; baseline -0.005 -24"><span class='ocrx_word' id='word_1_220' title='bbox 143 3240 202 3320; x_wconf 85' lang='lat' dir='ltr'>pio,</span> <span class='ocrx_word' id='word_1_221' title='bbox 224 3239 474 3324; x_wconf 77' lang='lat' dir='ltr'>Morpenalernio,</span> <span class='ocrx_word' id='word_1_222' title='bbox 497 3239 772 3322; x_wconf 71' lang='lat' dir='ltr'>Mittermoperoct</span> <span class='ocrx_word' id='word_1_223' title='bbox 793 3240 964 3321; x_wconf 87' lang='lat' dir='ltr'>nuperrime</span> <span class='ocrx_word' id='word_1_224' title='bbox 981 3235 1145 3300; x_wconf 81' lang='lat' dir='ltr'>Stroebero</span> <span class='ocrx_word' id='word_1_225' title='bbox 1166 3251 1241 3314; x_wconf 90' lang='lat' dir='ltr'>pro-</span> 
     </span>
     <span class='ocr_line' id='line_1_28' title="bbox 146 3341 1241 3428; baseline -0.01 -16"><span class='ocrx_word' id='word_1_226' title='bbox 146 3349 214 3412; x_wconf 78' lang='lat' dir='ltr'>bata</span> <span class='ocrx_word' id='word_1_227' title='bbox 244 3357 306 3427; x_wconf 85' lang='lat' dir='ltr'>est,</span> <span class='ocrx_word' id='word_1_228' title='bbox 336 3350 386 3428; x_wconf 85' lang='lat' dir='ltr'>qni</span> <span class='ocrx_word' id='word_1_229' title='bbox 416 3365 470 3410; x_wconf 91' lang='lat' dir='ltr'>sua</span> <span class='ocrx_word' id='word_1_230' title='bbox 498 3355 599 3411; x_wconf 87' lang='lat' dir='ltr'>mente</span> <span class='ocrx_word' id='word_1_231' title='bbox 630 3368 668 3411; x_wconf 90' lang='lat' dir='ltr'>ac</span> <span class='ocrx_word' id='word_1_232' title='bbox 690 3350 808 3412; x_wconf 86' lang='lat' dir='ltr'>ratione</span> <span class='ocrx_word' id='word_1_233' title='bbox 832 3347 910 3409; x_wconf 86' lang='lat' dir='ltr'>hace</span> <span class='ocrx_word' id='word_1_234' title='bbox 938 3345 1028 3408; x_wconf 85' lang='lat' dir='ltr'>illave</span> <span class='ocrx_word' id='word_1_235' title='bbox 1053 3341 1241 3406; x_wconf 83' lang='lat' dir='ltr'>addideram.</span> 
     </span>
     <span class='ocr_line' id='line_1_29' title="bbox 146 3455 1244 3541; baseline -0.011 -19"><span class='ocrx_word' id='word_1_236' title='bbox 146 3457 332 3539; x_wconf 66' lang='lat' dir='ltr'>stampinsi)</span> <span class='ocrx_word' id='word_1_237' title='bbox 351 3458 459 3541; x_wconf 81' lang='lat' dir='ltr'>igitur:</span> <span class='ocrx_word' id='word_1_238' title='bbox 481 3455 532 3520; x_wconf 82' lang='lat' dir='ltr'>Ad</span> <span class='ocrx_word' id='word_1_239' title='bbox 540 3457 756 3538; x_wconf 66' lang='lat' dir='ltr'>pulcherrimo,</span> <span class='ocrx_word' id='word_1_240' title='bbox 772 3458 875 3538; x_wconf 81' lang='lat' dir='ltr'>inquit,</span> <span class='ocrx_word' id='word_1_241' title='bbox 898 3471 1005 3535; x_wconf 83' lang='lat' dir='ltr'>opero,</span> <span class='ocrx_word' id='word_1_242' title='bbox 1016 3469 1095 3534; x_wconf 83' lang='lat' dir='ltr'>paee</span> <span class='ocrx_word' id='word_1_243' title='bbox 1111 3465 1244 3534; x_wconf 67' lang='lat' dir='ltr'>ammom</span> 
     </span>
    </p>
   </div>
   <div class='ocr_carea' id='block_1_7' title="bbox 149 3631 452 3644">
    <p class='ocr_par' dir='ltr' id='par_1_7' title="bbox 149 3631 452 3644">
     <span class='ocr_line' id='line_1_30' title="bbox 149 3631 452 3644; baseline -0.017 -1"><span class='ocrx_word' id='word_1_244' title='bbox 149 3631 452 3644; x_wconf 44' lang='lat' dir='ltr'>-s--n-a———ae</span> 
     </span>
    </p>
   </div>
   <div class='ocr_carea' id='block_1_8' title="bbox 202 3725 1253 4296">
    <p class='ocr_par' dir='ltr' id='par_1_8' title="bbox 202 3725 1253 4296">
     <span class='ocr_line' id='line_1_31' title="bbox 205 3725 1244 3804; baseline -0.007 -21"><span class='ocrx_word' id='word_1_245' title='bbox 205 3733 232 3804; x_wconf 86' lang='grc'>1)</span> <span class='ocrx_word' id='word_1_246' title='bbox 251 3732 299 3786; x_wconf 86' lang='lat' dir='ltr'>Les</span> <span class='ocrx_word' id='word_1_247' title='bbox 317 3734 421 3800; x_wconf 79' lang='lat' dir='ltr'>parisias</span> <span class='ocrx_word' id='word_1_248' title='bbox 445 3731 571 3783; x_wconf 86' lang='lat' dir='ltr'>tl&#39;lloraco</span> <span class='ocrx_word' id='word_1_249' title='bbox 598 3730 720 3782; x_wconf 83' lang='lat' dir='ltr'>traduitos</span> <span class='ocrx_word' id='word_1_250' title='bbox 748 3745 780 3781; x_wconf 85' lang='lat' dir='ltr'>en</span> <span class='ocrx_word' id='word_1_251' title='bbox 809 3729 920 3795; x_wconf 77' lang='lat' dir='ltr'>lranpais</span> <span class='ocrx_word' id='word_1_252' title='bbox 941 3741 1008 3778; x_wconf 84' lang='lat' dir='ltr'>aveo</span> <span class='ocrx_word' id='word_1_253' title='bbox 1025 3725 1071 3778; x_wconf 88' lang='lat' dir='ltr'>des</span> <span class='ocrx_word' id='word_1_254' title='bbox 1095 3738 1244 3792; x_wconf 83' lang='lat' dir='ltr'>remarqnes</span> 
     </span>
     <span class='ocr_line' id='line_1_32' title="bbox 247 3816 1243 3896; baseline -0.01 -16"><span class='ocrx_word' id='word_1_255' title='bbox 247 3837 274 3882; x_wconf 85' lang='lat' dir='ltr'>et</span> <span class='ocrx_word' id='word_1_256' title='bbox 300 3829 346 3882; x_wconf 80' lang='lat' dir='ltr'>das</span> <span class='ocrx_word' id='word_1_257' title='bbox 375 3829 552 3880; x_wconf 75' lang='lat' dir='ltr'>dissertatione</span> <span class='ocrx_word' id='word_1_258' title='bbox 571 3827 703 3896; x_wconf 78' lang='lat' dir='ltr'>critiques.</span> <span class='ocrx_word' id='word_1_259' title='bbox 720 3827 770 3880; x_wconf 80' lang='lat' dir='ltr'>rar</span> <span class='ocrx_word' id='word_1_260' title='bbox 783 3825 861 3879; x_wconf 83' lang='lat' dir='ltr'>&#39;leli</span> <span class='ocrx_word' id='word_1_261' title='bbox 881 3826 909 3880; x_wconf 82' lang='lat' dir='ltr'>P</span> <span class='ocrx_word' id='word_1_262' title='bbox 928 3822 1050 3880; x_wconf 86' lang='lat' dir='ltr'>Sanadon·</span> <span class='ocrx_word' id='word_1_263' title='bbox 1065 3821 1144 3875; x_wconf 82' lang='lat' dir='ltr'>Paris</span> <span class='ocrx_word' id='word_1_264' title='bbox 1166 3816 1243 3872; x_wconf 73' lang='lat' dir='ltr'>tito.</span> 
     </span>
     <span class='ocr_line' id='line_1_33' title="bbox 249 3921 450 3990; baseline -0.013 -13.541"><span class='ocrx_word' id='word_1_265' title='bbox 249 3921 342 3976; x_wconf 83' lang='lat' dir='ltr'>tvlt.</span> <span class='ocrx_word' id='word_1_266' title='bbox 360 3939 386 3990; x_wconf 91' lang='lat' dir='ltr'>p</span> <span class='ocrx_word' id='word_1_267' title='bbox 407 3922 450 3974; x_wconf 82' lang='lat'>52.</span> 
     </span>
     <span class='ocr_line' id='line_1_34' title="bbox 202 4019 1074 4096; baseline -0.009 -18"><span class='ocrx_word' id='word_1_268' title='bbox 202 4027 230 4096; x_wconf 79' lang='lat'>2)</span> <span class='ocrx_word' id='word_1_269' title='bbox 251 4025 284 4078; x_wconf 93' lang='lat' dir='ltr'>ll</span> <span class='ocrx_word' id='word_1_270' title='bbox 302 4025 399 4092; x_wconf 58' lang='lat' dir='ltr'>prs-190</span> <span class='ocrx_word' id='word_1_271' title='bbox 417 4040 473 4095; x_wconf 78' lang='lat' dir='ltr'>sqq</span> <span class='ocrx_word' id='word_1_272' title='bbox 493 4026 533 4079; x_wconf 82' lang='lat' dir='ltr'>et</span> <span class='ocrx_word' id='word_1_273' title='bbox 552 4025 640 4078; x_wconf 78' lang='lat' dir='ltr'>listins</span> <span class='ocrx_word' id='word_1_274' title='bbox 661 4025 693 4076; x_wconf 87' lang='lat' dir='ltr'>de</span> <span class='ocrx_word' id='word_1_275' title='bbox 712 4023 825 4077; x_wconf 87' lang='lat' dir='ltr'>Platonis</span> <span class='ocrx_word' id='word_1_276' title='bbox 846 4021 970 4075; x_wconf 86' lang='lat' dir='ltr'>lecdro</span> <span class='ocrx_word' id='word_1_277' title='bbox 993 4035 1017 4088; x_wconf 90' lang='lat' dir='ltr'>p.</span> <span class='ocrx_word' id='word_1_278' title='bbox 1026 4019 1074 4071; x_wconf 81' lang='grc'>35.</span> 
     </span>
     <span class='ocr_line' id='line_1_35' title="bbox 202 4121 1253 4210; baseline -0.006 -30"><span class='ocrx_word' id='word_1_279' title='bbox 202 4129 231 4197; x_wconf 80' lang='lat'><strong>3</strong></span> <span class='ocrx_word' id='word_1_280' title='bbox 251 4129 279 4182; x_wconf 88' lang='lat' dir='ltr'>ln</span> <span class='ocrx_word' id='word_1_281' title='bbox 300 4129 451 4210; x_wconf 82' lang='lat' dir='ltr'>prolusione</span> <span class='ocrx_word' id='word_1_282' title='bbox 472 4147 551 4197; x_wconf 86' lang='lat' dir='ltr'>srrper</span> <span class='ocrx_word' id='word_1_283' title='bbox 570 4129 702 4182; x_wconf 88' lang='lat' dir='ltr'>nonnullis</span> <span class='ocrx_word' id='word_1_284' title='bbox 730 4143 762 4180; x_wconf 91' lang='lat' dir='ltr'>cx</span> <span class='ocrx_word' id='word_1_285' title='bbox 780 4128 876 4180; x_wconf 83' lang='lat' dir='ltr'>Horatii</span> <span class='ocrx_word' id='word_1_286' title='bbox 896 4127 958 4181; x_wconf 82' lang='lat' dir='ltr'>mro</span> <span class='ocrx_word' id='word_1_287' title='bbox 978 4125 1082 4180; x_wconf 80' lang='lat' dir='ltr'>Potitios</span> <span class='ocrx_word' id='word_1_288' title='bbox 1105 4121 1253 4186; x_wconf 56' lang='lat' dir='ltr'>sentcntiiof</span> 
     </span>
     <span class='ocr_line' id='line_1_36' title="bbox 251 4224 849 4296; baseline 0.002 -20"><span class='ocrx_word' id='word_1_289' title='bbox 251 4239 328 4295; x_wconf 82' lang='lat' dir='ltr'>quam</span> <span class='ocrx_word' id='word_1_290' title='bbox 349 4227 451 4296; x_wconf 87' lang='lat' dir='ltr'>scripsit</span> <span class='ocrx_word' id='word_1_291' title='bbox 473 4227 577 4296; x_wconf 81' lang='lat' dir='ltr'>Stange.</span> <span class='ocrx_word' id='word_1_292' title='bbox 596 4226 752 4280; x_wconf 84' lang='lat' dir='ltr'>llatnmonae</span> <span class='ocrx_word' id='word_1_293' title='bbox 773 4224 849 4278; x_wconf 74' lang='lat'>1784.</span> 
     </span>
    </p>
   </div>
   <div class='ocr_carea' id='block_1_9' title="bbox 0 0 1523 4986">
    <p class='ocr_par' dir='ltr' id='par_1_9' title="bbox 0 0 1523 4986">
     <span class='ocr_line' id='line_1_37' title="bbox 0 0 1523 4986; baseline 0 0"><span class='ocrx_word' id='word_1_294' title='bbox 0 0 1523 4986; x_wconf 95' lang='lat' dir='ltr'> </span> 
     </span>
    </p>
   </div>
  </div>
 </body>
</html>
