2976 4986
680 355 925 427 ...36-

253 551 285 611 in
306 547 450 612 scaenica
481 545 568 627 poesi
592 546 772 626 erponendo
802 546 978 626 perrexisse
1005 563 1043 608 ac
1065 543 1186 610 uerbis:
1219 544 1284 611 Nec
1305 549 1355 612 sic

250 656 378 736 incipies
395 654 469 717 nihil
489 654 570 717 aliud
592 653 766 736 significari,
791 656 868 717 nisi:
889 654 959 717 Non
979 653 1081 716 omnic
1093 655 1126 716 in
1147 656 1282 718 cannae
1302 664 1355 720 teo

249 763 407 826 tractabis.
438 763 502 838 Qua
519 763 563 825 de
583 781 617 825 re
640 765 762 826 omnino
785 763 856 826 mibi
871 781 938 826 curn
954 763 1010 826 Ed.
1025 763 1171 826 diuellere
1195 747 1353 846 convenit,

250 875 301 954 qui
321 873 476 936 Horatium
498 873 536 934 de
559 873 645 953 epico
666 873 799 933 carmine
822 880 905 934 recte
926 873 1100 954 incipiendo
1123 874 1353 953 etperliciendo

247 982 424 1062 praecipere
444 980 553 1058 statuit,
574 977 654 1059 quod
676 979 813 1058 exempla
836 977 905 1040 mali
927 985 965 1068 et¹
979 979 1053 1042 boui
1074 982 1184 1060 poetae
1206 980 1278 1042 mihi
1299 983 1350 1044 vi-

249 1088 357 1149 dentur
379 1086 631 1150 certoindioare.
675 1085 815 1148 Ostendit
835 1086 1076 1167 igiturHeratius
1096 1089 1168 1150 inde
1191 1107 1209 1151 e
1231 1108 1261 1151 v.
1278 1090 1349 1155 131.
1430 1169 1434 1174 ἑ

247 1177 402 1278 usquead
428 1196 509 1274 159„
533 1193 603 1274 quid
626 1195 657 1254 in
685 1200 863 1276 argumento
895 1194 932 1257 ab
966 1193 1034 1258 aliis
1065 1196 1284 1262 iamtractato
1317 1207 1348 1262 el

247 1323 380 1388 persona
412 1304 537 1366 aliorum
562 1301 744 1364 carminibus
768 1301 919 1364 celebrata
948 1303 1169 1391 observandum
1199 1307 1246 1370 sit.
1286 1307 1349 1372 lam

248 1432 322 1477 uero
344 1413 497 1490 Horatius,
521 1429 608 1492 quam
634 1409 754 1473 difficile
776 1413 815 1473 sit
834 1413 964 1492 proprie
986 1409 1156 1477 commonia
1178 1417 1276 1480 dicere
1299 1419 1347 1480 si-

248 1519 336 1600 bique
356 1518 565 1583 convenientia
584 1521 698 1602 finqerc
718 1522 766 1583 vel
797 1521 900 1611 iqnotc
930 1523 1102 1604 indictaque
1120 1526 1254 1604 primam
1272 1545 1353 1606 pro-

246 1631 340 1712 ferre,
361 1627 581 1708 inlustratum,
604 1628 674 1709 quid
697 1629 736 1690 ad
757 1648 867 1693 novam
891 1648 1052 1712 personam
1072 1633 1257 1696 formandam
1282 1623 1354 1716 plui

247 1739 354 1817 r'imum
375 1735 483 1815 valeat,
509 1736 653 1817 exemplis
667 1755 685 1798 e
701 1738 843 1799 scaenica
864 1741 952 1820 poesi
975 1742 1098 1820 sumptis
1115 1741 1308 1804 demonstrat.
1326 1749 1353 1821 ¹)

332 1844 372 1911 ln
393 1849 562 1910 scaenico«
575 1850 677 1929 ipitnr
699 1851 794 1930 poesi
821 1849 984 1930 imprimis
1004 1857 1168 1915 cecurotc
1189 1829 1349 1938 cuiusque

248 1955 371 2018 aetatis
392 1971 516 2038 morum
535 1952 718 2037 descriptio
739 1953 924 2037 spectando
944 1961 1007 2021 est.
1030 1960 1075 2034 (v.
1100 1955 1170 2023 153.
1191 1972 1286 2037 usque
1310 1957 1351 2020 od

248 2055 276 2124 vi
301 2060 387 2138 178.)
485 2109 487 2116 ,

332 2169 425 2229 Poeta
446 2165 577 2228 fabulam
599 2165 840 2245 compositurus,
861 2171 894 2228 ut
913 2165 1052 2248 populum
1076 2165 1175 2248 capiat
1195 2176 1227 2231 et
1255 2187 1353 2250 usque

249 2274 289 2362 ad
312 2273 431 2362 fabulae
451 2272 541 2334 linem
561 2271 711 2350 retineat,
735 2277 876 2334 accurale
900 2273 1050 2352 inspicere
1072 2291 1108 2336 ec
1124 2275 1237 2350 ‘notare
1260 2278 1354 2342 debet

248 2363 350 2444 mores
371 2381 479 2461 cuique
500 2381 592 2442 aetati
614 2385 851 2458 consentaneos,
875 2397 952 2460 quos
963 2377 1105 2444 Horatius
1126 2385 1232 2464 paucis
1255 2387 1353 2466 aptis-

249 2491 393 2570 sinisque
414 2489 517 2566 verns
547 2488 700 2550 cesenae.
745 2488 790 2551 es.
811 2487 907 2548 ansa.
921 2488 1013 2560 ‚una
1036 2489 1073 2568 u,
1098 2490 1147 2552 ιι.
1179 2491 1264 2558 roca.
1288 2495 1353 2559 xv.

250 2599 407 2672 Quaelibet
420 2606 515 2677 aetaS,
535 2597 641 2678 inquit,
664 2614 738 2659 suos
752 2595 845 2661 hebet
867 2613 978 2675 mores,
998 2613 1054 2660 sue
1076 2602 1271 2680 persequitur
1285 2609 1352 2674 εῑιι-ι

251 2708 317 2787 dia,
345 2726 430 2789 quae*
445 2726 484 2770 ue
507 2705 746 2784 confundantur,
777 2704 833 2767 sed
864 2691 973 2785 'cuique
1002 2706 1095 2768 aetati
1122 2710 1352 2774 accommodata

248 2819 541 2898 tribuantur,'pobta
557 2833 645 2898 quam
659 2815 889 2897 diligentissime
912 2833 1015 2878 curam
1038 2820 1127 2896 gerat
1145 2835 1273 2880 necesse
1293 2825 1350 2882 est

252 2926 297 2988 Ut.
310 2927 436 3006 primum
464 2927 544 2991 enim
567 2941 644 3004 puer
674 2921 757 2985 clara
788 2939 867 2984 voce
898 2923 982 3002 loqui
1015 2929 1045 2986 et
1067 2925 1226 2987 commode
1252 2931 1352 3005 potest

254 3035 418 3112 ambulare,
441 3053 508 3097 cum
530 3033 705 3114 aequalibus
730 3031 884 3094 colludere
906 3031 999 3109 solet,
1021 3033 1191 3095 inconsulto
1213 3033 1355 3096 iresciiur

253 3151 284 3204 et
305 3144 456 3224 mitigatur
476 3159 512 3203 ao
536 3141 662 3222 singulis
689 3139 773 3216 horis
797 3145 935 3200 mutatur.
984 3137 1174 3202 Adolescens
1200 3137 1357 3218 imberbis,

146 3291 150 3298 -
228 3231 230 3238 ’
254 3254 305 3338 qui
327 3247 447 3313 tandem
471 3251 508 3312 ab
534 3249 708 3312 educatoris
738 3245 874 3310 custodia
895 3245 1040 3308 liberatus
1061 3245 1260 3309 animum-ed
1289 3253 1358 3309 stu-

255 3359 335 3423 dium
357 3353 647 3441 aliquod'adiungit‚
670 3365 717 3420 est
740 3356 838 3418 mollis
861 3373 897 3418 ac
919 3355 1007 3435 levis,
1030 3356 1072 3418 ita
1093 3361 1126 3417 ut
1147 3353 1254 3434 facile,
1276 3373 1358 3436 quo-

84 3557 88 3566 1
196 3513 198 3518 -
256 3483 373 3548 cunque
394 3467 470 3529 uelis
489 3466 586 3548 possit
610 3464 730 3527 deflecti
752 3470 800 3543 et,
821 3481 898 3545 quae
919 3462 1010 3528 modo
1041 3463 1234 3544 concupivit,
1256 3465 1356 3528 statim

258 3629 622 3653 W...—

310 3734 459 3806 1)·lllinime
473 3731 593 3784 Horatius
612 3729 664 3795 hic,
685 3729 918 3804 quodStrcuberue
938 3745 962 3798 p.
975 3731 1018 3784 98.
1033 3727 1179 3792 arbitratur,
1198 3723 1230 3778 ed
1251 3724 1357 3777 scaeni-

362 3846 417 3882 cum
431 3827 522 3896 poesin
541 3825 616 3889 redit,
638 3841 717 3895 quum
737 3823 797 3892 inde
816 3841 830 3875 e
851 3821 929 3878 versu
948 3825 990 3878 99.
1011 3823 1114 3876 nonde
1133 3821 1269 3890 tragoedia
1287 3821 1354 3885 ipen,

278 3919 284 3929 '
362 3923 408 3976 sed
429 3921 461 3974 de
482 3897 599 3974 oratione
619 3936 666 3991 pro
686 3899 763 3973 enimi
781 3921 892 3974 motibus
912 3929 938 3972 et
955 3898 1124 3989 personarum
1138 3917 1236 3970 natans
1256 3915 1359 3966 diversa

261 4009 265 4018 “
362 4017 483 4078 disseret,
503 4019 576 4068 euius
600 4017 638 4068 rei
661 4017 780 4085 exempla
807 4011 961 4068 escecnice
984 4015 1058 4081 poesi
1086 4012 1238 4079 deprompta
1263 4009 1356 4060 adfert.

362 4112 520 4164 Vocabulum
539 4123 565 4165 tn
583 4127 634 4164 non
656 4112 687 4165 ad
703 4113 821 4167 Pisonem
840 4111 933 4176 solum,
946 4110 993 4163 sed
1007 4109 1039 4162 ed
1050 4121 1231 4178 quemcunque
1245 4106 1359 4160 carmina

359 4209 511 4274 scripturum
533 4210 653 4276 pertinet.
