2976 4986
561 343 808 420 ..47-

135 538 258 610 menis,
279 537 399 618 perois
424 533 615 624 quibusdum
632 546 670 604 et
690 541 784 603 raris
805 538 897 602 metis
919 541 1094 604 comuoere
1115 539 1233 624 posce

132 659 211 708 mus
228 644 276 724 ¹)..·
304 643 366 708 sed
388 643 509 708 nouitas
531 665 670 711 errores
692 652 726 710 et
747 663 849 728 saepe
870 645 1046 712 reuocantes
1074 667 1233 734 nusquam

133 751 297 832 serimus*
313 757 359 826 (v.
383 749 455 817 347.
475 757 572 832 usque
594 752 634 814 ad
654 751 745 830 365.)
948 755 951 762 “
1114 761 1117 767 ’

106 885 110 894 ’
218 856 294 922 Sunt
314 858 405 939 igino·
425 867 558 938 errores
576 859 683 940 quibus
704 861 825 921 ueniam
848 858 922 922 dare
941 859 1102 941 possimus,
1121 860 1159 923 ils
1184 860 1238 924 ilt-

137 975 239 1047 qtuam²
261 967 292 1029 in
317 983 393 1046 quos
412 969 502 1046 poeta
524 975 586 1030 non
608 967 745 1030 consulto
760 967 809 1029 vel
831 973 926 1048 pravo
948 967 1072 1047 iudicio,
1095 969 1237 1050 sedpro-

137 1081 207 1156 pler
232 1073 467 1138 imbecillitatem
488 1082 614 1138 nabuae
642 1076 791 1138 humanae
818 1073 940 1153 incidit,
965 1076 1050 1158 quod
1081 1078 1237 1156 aptissimo

139 1183 277 1264 exemplo
298 1182 469 1263 probatum
495 1183 624 1261 Etenim,
645 1191 678 1246 ut
697 1200 809 1268 neque¹
822 1200 943 1263 semper
961 1182 1037 1245 ludes
1056 1185 1160 1247 reddit
1180 1185 1236 1248 so·-

138 1307 219 1369 num,
240 1299 328 1370 quern
350 1273 504 1370 tangendo
528 1288 653 1351 allicere
673 1289 829 1369 volumus,
852 1308 951 1371 neque
971 1309 1093 1373 semper
1126 1295 1236 1374 sa'gitta
1351 1357 1354 1364 ,
1393 1337 1396 1346 .

138 1400 277 1478 pervenit
305 1397 343 1463 ad
376 1415 511 1478 scopum,
537 1415 624 1478 quern
646 1398 783 1478 petebat:
814 1398 855 1460 ita
873 1399 1000 1488 spoitae'
1025 1417 1144 1480 quoque
1162 1403 1237 1462 'nou

144 1522 262 1585 semper
291 1505 328 1566 ab
358 1505 497 1568 omnibus
532 1523 643 1569 cavere
676 1511 803 1588 possunt
836 1509 978 1586 peccatis.
1035 1509 1237 1583 Quamobrem

139 1617 264 1691 poena,
286 1612 368 1694 quod
390 1629 452 1676 non
474 1611 573 1676 mnus
590 1613 753 1692 ‘nimbque
781 1611 901 1692 magnis
924 1611 1079 1675 erroribus
1109 1612 1236 1692 laborat,

139 1739 236 1802 aequo
259 1723 439 1788 et-humauo
461 1723 565 1786 anino
581 1721 742 1802 legendum
766 1723 833 1784 eric
876 1719 956 1794 Quid
977 1721 1146 1783 varo'iude
1168 1721 1238 1782 effi-

138 1830 239 1894 citur‘l
280 1829 317 1894 Ut
340 1831 460 1912 sacriba,
481 1830 531 1910 qui
559 1829 696 1910 quamvis
725 1845 817 1909 saepe
840 1807 950 1910 diisque
973 1829 1104 1892 monitus
1135 1831 1165 1890 in
1195 1828 1237 1890 li-

138 1937 199 2004 toro·
217 1937 420 2004 describendo
441 1956 562 2019 semper
586 1939 618 2000 in
646 1937 775 2000 eundem
797 1945 933 2000 errorem
954 1935 1079 2014 incidit,
1117 1938 1236 2000 veniam

136 2053 361 2130 accineretur,
385 2044 679 2127 atque‚,ut.fidicen,
700 2045 751 2125 qui
772 2063 893 2126 semper
911 2043 1018 2108 eadem
1040 2045 1071 2106 in
1087 2045 1146 2107 luda
1166 2052 1237 2107 tan-

137 2152 238 2233 genda
260 2149 358 2231 errat,
377 2155 486 2218 merito
508 2152 668 2216 inridetur:
703 2155 864 2234 sicpodta'
881 2171 1023 2234 quoque,
1045 2156 1094 2234 qui
1116 2153 1237 2216 multum

137 2267 168 2322 et
190 2257 325 2342 'grauiam
344 2267 470 2341 peccat,
494 2261 569 2324 altar
590 2260 663 2324 mibi
684 2259 842 2324 Choerilus
862 2266 919 2324 est.
952 2262 1017 2325 Nec
1031 2263 1128 2324 minus
1144 2279 1239 2342 aegre

137 2369 223 2449 tero,
245 2368 485 2450 quandocunque
505 2367 679 2450 praeclarus
704 2373 805 2448 poeta,
829 2374 861 2432 ut
887 2369 1054 2448 Homerus,
1073 2369 1239 2452 negligen-

138 2483 184 2549 ter
198 2475 358 2556 scribit2),
381 2491 549 2556 quanquam
572 2476 720 2556 inopere
743 2483 803 2538 tarn
822 2485 934 2557 magde
947 2477 1095 2541 interdurn
1117 2478 1239 2557 peccari

138 2600 202 2650 non
222 2588 340 2652 nairauu¹
353 2585 480 2652 videtur.
523 2586 633 2654 uenam
657 2585 761 2666 poesis
783 2584 892 2648 eadem
915 2590 1005 2664 almae
1023 2583 1162 2664 ,pisaeae
1185 2601 1239 2650 rau

138 2695 181 2758 tio
203 2696 302 2774 esti)
337 2695 484 2760 illenim
513 2693 590 2762 aliae
611 2693 731 2758 tabidae
752 2694 852 2775 pictae
874 2693 998 2775 propius
1022 2697 1175 2774 spectatae
1207 2698 1242 2772 et

140 2803 253 2871 iumine
274 2801 407 2868 adhibito
437 2803 608 2868 accuratius
631 2801 844 2866 consideratae
865 2801 963 2885 magis
994 2797 1240 2886 magisquepla-

140 2918 231 2990 cent,
257 2911 343 2978 aliae'
363 2916 461 2974 autem
492 2913 608 2978 eminus
624 2917 812 2990 'conspectae
833 2911 931 2991 magis
958 2909 1125 2986 delectant,
1150 2927 1241 2990 quum

140 3025 205 3083 arte
223 3019 343 3100 quidem
367 3031 430 3080 non
452 3025 588 3100 careant,·
608 3026 815 3098 veruntamen,
834 3019 861 3082 si
876 3017 1048 3100 diligentius
1069 3026 1123 3080 ea's
1144 3035 1240 3097 aspe-

139 3127 237 3205 xeris,
258 3128 330 3191 vitia
352 3139 478 3208 ¹quoque
501 3124 682 3196 exhibeant:
707 3128 748 3189 ita
769 3124 846 3214 illud
872 3142 995 3191 carmen
1017 3142 1057 3190 co
1086 3126 1185 3209 magis
1209 3132 1240 3188 te

137 3285 144 3294 t
158 3280 424 3295 *thu-num
462 3293 467 3302 Ι

192 3351 218 3422 i)
240 3351 280 3404 Gi.
299 3351 350 3404 Sat.
369 3349 392 3414 i,
411 3349 439 3416 6,
457 3349 507 3412 66:
644 3397 646 3402 .
820 3348 898 3404 Velut
910 3329 939 3402 'si

314 3445 428 3518 Egregie
446 3445 579 3522 inspersos
597 3443 773 3514 reprehendar
794 3459 904 3512 corpore
915 3456 1028 3494 'naevos

189 3549 221 3622 2)
241 3545 395 3615 Quaeritur,
416 3549 478 3618 quid
496 3549 616 3602 Horatius
634 3550 661 3600 in
683 3549 786 3602 Homeri
807 3547 962 3601 carminibus
980 3533 1176 3614 vituperandum
1196 3547 1239 3598 in-

198 3681 201 3688 l
245 3643 368 3696 venerit?
405 3643 693 3716 Ulricius·(bist.pods.
714 3659 753 3711 gr.
775 3642 795 3696 t
816 3658 843 3711 p.
858 3641 929 3713 194.)
948 3639 1091 3691 tarditatem
1112 3643 1242 3692 narratio-

186 3797 189 3807 ,
243 3738 284 3789 nis
309 3739 336 3789 in
356 3737 472 3804 Odyssea
494 3738 649 3806 reprehendi
676 3740 811 3806 opinaturr
834 3735 953 3806 equidem
971 3735 1102 3788 Horatium
1124 3735 1236 3791 Homero

243 3825 304 3877 boni
331 3835 428 3879 tantum
458 3836 551 3897 poetae
584 3828 703 3897 exenaplo
729 3844 802 3901 usum
830 3843 898 3892 esse,
918 3843 1005 3899 neque
1029 3837 1126 3880 eertum
1148 3831 1238 3885 vitium

241 3921 327 3973 animo
346 3939 404 3982 eum
417 3925 548 3990 cogitasse
568 3937 672 3974 censeo.
709 3923 735 3977 st
756 3937 820 3974 vero
841 3923 874 3974 de
892 3932 964 3976 certo
982 3937 1069 3975 errore
1088 3923 1173 3976 locum
1195 3925 1238 3978 ln-

175 4029 178 4034 ·
243 4017 364 4086 telligere
382 4017 520 4081 volumus,
538 4019 678 4084 praecipue
696 4018 805 4072 diffusae
826 4017 890 4070 illae
916 4033 1073 4090 semperque
1099 4020 1237 4076 redeuutes

242 4113 431 4181 descriptiones
450 4112 500 4163 lrue
517 4115 655 4180 pertinere

186 4207 216 4281 ³)
241 4206 280 4260 cf.
299 4205 352 4258 Cic.
374 4207 447 4261 Tusc.
469 4207 500 4270 ll,
516 4206 560 4256 att.
