2976 4986
687 411 932 481 *38⁵-

265 606 338 686 priis
358 595 561 682 toqueretur,
580 598 704 666 chorum
732 602 937 665 neeessariam
957 615 1088 683 graecae
1112 597 1228 662 tabulae
1248 585 1363 680 partem

260 707 426 792 praeterire
440 723 510 768 non
528 687 632 788 potuit„¹
684 707 822 786 chenu,
847 709 960 790 inquit,
990 709 1101 770 actoris
1122 714 1223 788 partes
1244 713 1364 769 tueatur

261 831 407 896 mumque
429 813 560 878 osticium
582 817 734 879 observet.
777 816 865 880 Unde
890 817 1019 879 actionis
1033 816 1183 898 particeps
1205 815 1258 878 iiat
1277 833 1365 877 eam-

258 940 319 1004 que
340 939 396 1004 pro
423 919 503 984 virili
524 929 610 1004 parte
640 924 762 991 adiuvet
789 939 919 986 necesse
943 911 1008 1000 est',
1027 924 1067 985 ita
1089 929 1211 1002 tamen,
1240 929 1274 985 ut
1296 923 1363 985 eius

260 1031 381 1096 cantica
402 1047 469 1094 curn
483 1029 604 1094 fabulae
626 1027 803 1114 argumento
818 1023 1140 1112 appectoraret)
1184 1031 1276 1094 Gitoni
1286 1047 1362 1094 vere

255 1145 360 1222 partes
382 1145 414 1202 et
436 1137 537 1202 officia
559 1145 644 1204 suut:
663 1155 812 1220 personas
834 1139 963 1205 consitio
985 1150 1116 1221 regere,
1138 1139 1169 1202 id
1199 1147 1247 1202 est
1267 1140 1360 1202 'bouis

256 1245 364 1311 favere
377 1255 408 1310 et
427 1247 524 1310 amice
546 1247 717 1325 consulere,
740 1241 1016 1329 perturbationibus
1037 1248 1174 1312 adiectos
1191 1250 1357 1326 continere,

252 1351 496 1424 conuaabiecti
520 1355 610 1416 animi
632 1353 780 1433 homines,
802 1349 851 1434 qui
873 1369 993 1436 semper
1014 1355 1135 1434 timent,
1159 1375 1199 1419 ne
1221 1359 1252 1420 in
1282 1373 1357 1438 pec-

253 1466 325 1524 cata
358 1459 511 1540 incidant,
545 1461 709 1541 adiuvare,
732 1468 760 1540 2)
786 1463 924 1524 virtutem
942 1463 1088 1545 ,denique
1109 1463 1248 1545 laudare,
1268 1453 1357 1528 iusti-

248 1555 332 1632 ¹tidrn
353 1575 384 1631 et
403 1571 518 1650 pacem
532 1571 711 1652 praedicare
740 1578 771 1634 et
792 1587 953 1652 personam
973 1574 1099 1654 probam
1119 1581 1149 1637 et
1169 1577 1247 1656 piam
1267 1586 1360 1656 agere

260 1679 365 1757 (fidem
386 1695 511 1742 servare
535 1695 572 1739 ao
594 1678 763 1758 precesad
790 1678 866 1741 deos
890 1680 1035 1757 minere).
1065 1689 1081 1758 )

345 1786 440 1860 Quum
461 1785 501 1847 de
523 1785 618 1847 choro
646 1791 762 1868 agatur,
783 1785 924 1849 Horatius
947 1789 1104 1865 musicam,
1126 1785 1263 1847 tibiarum
1284 1797 1361 1846 ner-

258 1911 423 1976 vorumque
436 1899 554 1972 capurm
569 1908 807 1954 commemorare
830 1891 953 1970 debuit3
974 1895 1128 1974 utriusque
1148 1893 1227 1953 enim
1247 1890 1278 1953 in
1293 1899 1359 1952 tra-

257 2002 372 2084 goedia
388 2018 465 2066 usus
489 2005 571 2078 erat,
601 2006 632 2062 et
660 1999 732 2062 tibia
756 2000 876 2082 quidem
897 1997 1081 2083 plerumque
1102 2001 1199 2065 actori
1219 2003 1359 2064 recitanti

252 2110 443 2187 -atrccirrebat,
454 2116 580 2192 utreque
593 2110 826 2173 antenodorum
839 2111 1050 2189 adiuvabant)
1070 2113 1154 2173 Tibia
1168 2111 1267 2193 igitur,
1281 2129 1360 2192 quae

261 2235 340 2281 nuuc
364 2225 395 2280 et
421 2217 553 2300 pluribus
576 2219 710 2301 partibus
742 2221 909 2301 composita
940 2227 971 2282 et
992 2221 1158 2302 magnifica
1187 2221 1361 2306 graviorem

314 2546 340 2614 1)
360 2542 400 2597 Gi.
418 2545 525 2597 Arietot.
547 2543 623 2596 Poet.
642 2544 737 2607 xvut,
757 2545 782 2596 7.
873 2553 876 2560 ’

252 2689 255 2696 ,
311 2639 339 2708 2)
356 2639 388 2689 Ν.
412 2637 471 2690 197.
496 2635 630 2692 Bentieiur
650 2653 697 2704 pro
716 2637 870 2702 optimorum
895 2634 1012 2688 codicum
1037 2634 1165 2702 scriptura
1186 2651 1300 2703 peceare
1325 2637 1360 2686 ti·

275 2783 279 2804 ,
363 2741 464 2787 mentes
489 2748 522 2784 ex
557 2748 610 2784 uno
638 2733 749 2786 Victoris
771 2731 879 2784 Gisetini
905 2729 972 2784 libro
999 2731 1112 2782 restituit
1133 2745 1234 2800 pacare
1259 2739 1358 2780 tamn-

363 2801 410 2892 tes,
429 2839 505 2894 quem
533 2824 646 2880 Oreiiius
676 2825 737 2876 boni
758 2834 787 2891 et,
798 2841 911 2893 peceare
930 2826 1045 2875 timentes
1066 2821 1135 2874 idem
1159 2823 1247 2878 valere
1267 2825 1359 2892 opina-

364 2927 405 2972 tus
431 2921 532 2987 recepit
561 2929 587 2986 et
603 2919 696 2972 multas
713 2923 798 2972 minas
816 2907 941 2972 iacientes
958 2921 1149 2987 iuterpretatur.
1187 2920 1311 2972 Gesnerus
1331 2926 1358 2969 et

365 3011 646 3084 linchcdcrus,'quum
664 3025 735 3067 reete
756 3018 835 3068 iratos
855 3025 882 3067 et
902 3024 1030 3068 tumentes
1051 3015 1107 3068 iere
1127 3016 1192 3066 idem
1213 3013 1359 3081 significato

365 3119 499 3176 conseant,
518 3111 596 3164 donce
614 3112 664 3163 hoe
678 3111 737 3164 ioco
754 3115 836 3181 fortes
855 3128 924 3177 csse,
944 3112 1077 3176 strenuos,
1096 3112 1207 3180 ideoque
1229 3109 1360 3176 vulgatam

363 3223 475 3276 peccare
494 3209 626 3272 timentes,
644 3209 713 3276 quod
731 3211 765 3260 sit
784 3225 895 3278 peceare
912 3225 966 3259 nun
990 3185 1127 3270 aurientes,
1143 3207 1231 3276 prodi,
1250 3205 1358 3267 honesti,

366 3303 487 3352 retinent
529 3302 711 3354 naciscentes
730 3317 788 3354 cum
805 3301 982 3354 Hahcrieldtio
1000 3293 1067 3370 legit
1082 3319 1181 3372 pacare
1201 3303 1316 3352 timentes
1335 3307 1362 3348 et

366 3394 492 3463 explicat:
514 3398 557 3465 qui
575 3398 605 3448 de
623 3400 693 3450 exitu
711 3415 799 3454 rerunt
816 3399 1053 3450 :interversorem
1070 3396 1176 3449 eotttetrt
1191 3396 1251 3458 sint,
1269 3411 1360 3444 camera

364 3489 562 3542 sollicitudinem
582 3492 675 3543 chorus
693 3494 775 3544 amice
797 3492 890 3562 sedet.¹
910 3491 968 3560 Ego
982 3507 1046 3544 vero
1067 3505 1143 3542 sensae
1160 3489 1265 3559 putctrt
1282 3487 1361 3558 plenu

362 3601 454 3639 carere
473 3593 499 3638 et
517 3601 605 3638 veram
627 3587 744 3638 codicum
762 3586 902 3644 lectionem
930 3604 1055 3664 peccare*
1068 3588 1200 3648 timentes,
1219 3585 1288 3652 quod
1308 3585 1357 3634 mi-

362 3679 519 3746 nimeidem,
532 3696 563 3732 ac
575 3682 636 3735 doni
652 3682 731 3746 valet,
751 3683 879 3748 obtinere,
900 3699 977 3750 quarn
995 3697 1053 3734 eum
1062 3680 1237 3732 Lindemauno
1252 3681 1283 3729 it.
1299 3679 1357 3748 pt.

359 3771 471 3826 Bentleii
488 3776 693 3828 emendationem
713 3777 855 3829 defendere
871 3777 967 3830 malim.

308 3863 337 3940 3)
357 3866 462 3922 Minime
479 3869 512 3922 dc
532 3871 681 3940 tragoediae
700 3871 779 3924 choro
799 3872 913 3942 loquitur
931 3872 1050 3924 iioratiue
1063 3871 1128 3938 Epp.
1143 3873 1175 3933 il,
1198 3869 1221 3932 i,
1239 3866 1288 3918 13t
1302 3883 1359 3934 sqq.

305 3965 334 4036 e)
354 3964 393 4018 ct.
413 3965 466 4018 Cic.
484 3965 564 4018 Acad.
587 3969 622 4032 11,
641 3969 664 4022 7.
695 3967 737 4022 Or.
759 3969 803 4034 55,
825 3967 883 4021 184.
913 3965 1011 4034 ¹Tibiam
1023 3965 1061 4032 ¹ad
1080 3965 1231 4034 tragoediae
1251 3963 1358 4014 chorum

363 4061 445 4112 tuisse
463 4061 603 4124 adhibitam
620 4073 726 4131 praeter
745 4074 859 4118 nostnrm
879 4063 964 4115 iocum
978 4063 1077 4117 Seneca
1096 4063 1122 4113 in
1142 4077 1202 4128 epp.
1216 4059 1259 4112 84.
1271 4067 1297 4108 et
1313 4056 1359 4107 tul.

359 4155 453 4210 Pollux
471 4159 515 4222 tv,
536 4157 562 4208 4.
590 4159 708 4212 indicare
728 4159 857 4212 videntur.
895 4163 924 4212 ln
945 4158 1079 4212 comoedia
1097 4169 1202 4227 quoque
1222 4155 1302 4208 tibia'e
1319 4151 1362 4204 io-

363 4264 421 4302 cum
442 4249 524 4304 iuisse
543 4252 654 4318 Terentii
673 4262 700 4306 ct
715 4252 799 4306 Plauti
820 4251 925 4306 fabulae
942 4253 1126 4308 demonstrant.
