2976 4986
675 298 924 372 ...np-

252 490 445 570 perspicuam
475 487 541 550 eius
568 486 732 568 imaginem
753 487 843 550 nobis
867 493 937 550 ante
956 489 1062 552 oeulos
1082 491 1176 570 ponlt.
1220 489 1355 572 lamhee,

256 598 369 676 inquit,
399 614 417 656 e
447 594 562 676 syllaba
588 594 674 660 brevi
701 602 734 674 et,
761 595 957 676 subsequenti
977 597 1071 678 longa
1092 597 1277 679 compositus
1296 617 1354 680 pes

251 703 346 766 uelox
376 711 445 782 eslf,
476 702 557 766 unde
579 703 643 766 bini
665 702 757 770 teani
779 703 819 766 ad
838 711 964 768 metrum
984 704 1177 768 efficiendum.
1197 708 1356 772 coniuncti

251 818 340 890 suut,
363 831 399 876 ae
421 813 479 876 tria
499 817 612 890 metra,
631 811 703 874 lieet
724 828 781 874 ses
799 811 927 892 pedihus
947 819 1131 892 constarent,
1151 815 1275 878 ambici
1295 817 1356 880 tri-

251 921 341 984 metri
364 938 476 984 nemen
503 925 694 1001 acceperunt.
737 921 775 983 Et
794 922 921 1001 primum
944 921 1063 1002 quidem
1086 927 1194 986 omnes
1216 921 1274 987 serr
1293 940 1354 1006 pe-

253 1029 310 1092 des
344 1028 403 1092 sibi
437 1029 550 1092 similes
582 1031 648 1110 puri
684 1035 771 1092 erant
800 1029 893 1092 iambi
905 1049 914 1107 3
947 1030 1003 1094 sed
1024 1047 1122 1112 nuper
1138 1029 1164 1109 ἱ)
1187 1032 1299 1112 iambi,
1320 1041 1355 1096 ut

252 1137 352 1219 paullo
373 1136 523 1202 tardiores
545 1142 575 1198 et
595 1138 754 1218 graviores
777 1138 901 1218 auribus
922 1145 1112 1216 resonarent,
1134 1137 1237 1202 lentes
1255 1155 1353 1221 sporr-

251 1247 330 1310 deos
352 1262 451 1327 aequo
477 1245 577 1308 animo
600 1247 632 1308 in
653 1253 780 1309 metrum
807 1248 1007 1326 receperunt,
1029 1263 1066 1308 ea
1087 1252 1188 1310 tamen
1209 1247 1296 1331 lege,
1318 1243 1351 1312 ut

252 1353 329 1418 locis
349 1354 472 1434 paribus
490 1361 684 1418 remanerent
705 1355 771 1434 ipsi.
803 1354 980 1436 Quanquam
1002 1354 1052 1418 hic
1072 1353 1274 1434 lambua'loce
1292 1373 1346 1419 se-

251 1460 406 1525 cundoet
427 1468 534 1543 quarto
557 1468 588 1524 et
609 1463 640 1525 in
662 1463 735 1524 Attii
754 1462 921 1543 praeclaris
942 1464 1085 1528 trimetris
1101 1465 1350 1541 mutaverim,

253 1576 284 1630 et
302 1570 392 1632 Erarii
416 1587 536 1651 quoque
560 1589 672 1654 gaves
692 1589 730 1633 ac
751 1572 916 1653 ponderosi
936 1590 1045 1636 versus
1079 1572 1193 1636 ideireo
1225 1581 1279 1637 aut
1298 1576 1351 1636 ni·-

251 1663 336 1744 miac'
362 1679 565 1742 festinationis
588 1687 618 1743 et
639 1681 864 1762 negligentiae,
889 1689 940 1744 aut
971 1683 1067 1763 turpis
1089 1683 1225 1761 inscitiae
1253 1699 1351 1744 aceu-

251 1793 406 1866 sartura)
427 1787 537 1850 Verum
552 1806 615 1851 non
636 1789 759 1869 quilibet
772 1791 864 1852 iudex
883 1797 944 1854 ram
968 1790 1068 1854 subtili
1091 1797 1123 1853 et
1144 1791 1275 1873 eleganti
1298 1791 1350 1852 iu-

251 1895 333 1958 dicio
356 1895 509 1976 praeditus
527 1903 659 1975 est,‚ut
678 1899 790 1960 sentiat
809 1915 918 1961 uersus
940 1899 1018 1963 male
1040 1891 1351 1980 compositos‚‘atque

210 2017 213 2022 ·
249 2003 311 2065 lroc
322 2005 351 2065 in
360 2022 476 2084 genere
484 2006 582 2085 poetis
590 2006 733 2068 Romanis
742 2007 833 2068 nimia
849 2020 996 2070 concessa
1009 1987 1060 2070 'est
1072 1997 1240 2086 licentiat).
1254 2007 1353 2070 Num·

250 2112 322 2192 quid
346 2113 438 2195 igitur
470 2131 530 2195 ego
555 2116 627 2177 artis
648 2112 766 2196 legibus
786 2115 933 2197 neglectis
954 2115 1081 2178 eandem
1102 2115 1175 2176 milri
1197 2115 1350 2178 licentiam

250 2219 413 2298 vindicem,
437 2234 495 2300 an,
515 2220 588 2284 licet
609 2217 715 2286 omnes
737 2225 809 2286 vitia
829 2241 897 2286 mea
920 2215 1041 2287 visuros
1062 2238 1131 2284 esse
1151 2229 1272 2303 putem,
1294 2239 1350 2284 se-

250 2345 340 2392 curus
362 2333 462 2390 tamen
483 2335 514 2391 et
533 2344 598 2411 spe·
611 2315 720 2394 veniae
747 2331 841 2395 lretns
865 2331 1024 2395 somnam?
1058 2331 1146 2405 Quod
1176 2331 1203 2393 si
1232 2330 1349 2408 fecero,

249 2435 519 2516 reprehensionem
534 2441 734 2520 contentari,
754 2441 872 2504 laudem
894 2457 957 2503 non
970 2440 1065 2503 merui
1078 2443 1118 2517 ⁴).
1155 2438 1252 2512 Quum
1273 2453 1350 2502 vcro

251 2551 363 2609 tantam
385 2547 416 2609 in
430 2546 593 2610 scribendo
609 2546 737 2628 gloriam
751 2547 809 2610 sibi
825 2541 1052 2628 comparassent
1065 2545 1186 2622 Graeci,
1206 2551 1240 2607 ut
1258 2539 1368 2625 prae-'

249 2653 384 2718 stiterlnt
400 2671 473 2716 sese
498 2653 616 2736 dignos,
639 2672 714 2735 quos
736 2656 895 2733 imitemur,
914 2641 1023 2716 eoruni
1036 2652 1349 2719 librosdiesnectes-

249 2777 308 2842 qne
328 2761 437 2844 legatis
467 2761 566 2824 velim.
609 2762 671 2826 Sed
692 2768 804 2840 tantum
826 2761 938 2839 abfuit,
958 2768 991 2824 ut
1020 2777 1076 2824 eoa
1096 2760 1229 2822 maiores
1251 2763 1346 2823 nostri

250 2873 460 2946 sequerentur,
481 2873 513 2929 ut
537 2867 630 2930 Plauti
652 2886 759 2932 versus
782 2874 812 2930 et
835 2867 916 2930 sales
937 2883 999 2928 non
1018 2864 1115 2932 solnm
1137 2868 1228 2930 nimio
1250 2867 1345 2928 aesti-

250 2980 377 3054 marent,
392 2991 498 3036 rerum
511 2975 600 3037 etiarn
614 2967 701 3039 stulte
720 2973 950 3053 admirarentur,
966 2975 994 3036 si
1012 2987 1082 3051 nes,
1094 2974 1228 3052 Pisones,
1250 2969 1345 3034 rerba

349 3184 379 3236 ld
397 3192 437 3236 eet
457 3185 568 3252 Augusti
586 3181 753 3249 temporibus.
775 3180 814 3246 Cf.
836 3179 927 3233 Orellii
946 3195 1046 3232 excurs.
1064 3181 1093 3232 V.

351 3285 391 3340 Cf.
411 3286 603 3354 Dillenburgor.
626 3285 731 3349 Quaest.
750 3285 837 3335 llorat.
857 3300 881 3350 p.
904 3281 963 3335 129.
1051 3323 1054 3328 .

353 3391 392 3444 Cl.
412 3393 466 3444 Cic.
487 3391 520 3442 da
538 3391 606 3444 Orat.
626 3390 670 3454 lll,
689 3388 731 3441 50.
751 3386 840 3440 Parad.
861 3387 908 3450 111,
927 3383 1014 3449 2‚.2c.

299 3497 329 3571 4)
347 3497 377 3549 V.
397 3495 457 3548 265.
477 3497 530 3548 Fac
547 3495 613 3562 legit
640 3503 665 3546 et
690 3509 794 3556 omnes,
811 3491 919 3562 Botlrius
941 3497 967 3540 e't
984 3487 1171 3548 lloclrcdcrus,
1190 3497 1254 3550 qnos
1274 3479 1346 3532 multi

286 3589 288 3594 ’
345 3593 430 3645 secuti
457 3599 531 3655 sunt,
562 3585 716 3656 scripturam
751 3595 779 3640 ut
809 3600 895 3638 omnes
927 3601 943 3636 a
975 3581 1094 3635 Bentleio
1129 3585 1260 3643 receptam
1294 3591 1345 3625 non

347 3685 415 3742 male
435 3685 584 3738 detendunt.
621 3683 673 3739 Sed
697 3683 851 3752 optimorum
872 3679 991 3732 codicum
1008 3677 1087 3728 lectio
1108 3691 1143 3725 cn
1162 3686 1248 3723 omnes
1265 3671 1348 3722 iama

347 3781 470 3835 Lambino
497 3782 615 3832 restituta
628 3753 660 3830 et
684 3775 716 3828 ab
745 3775 844 3830 Orellio
872 3775 980 3826 detensa
1001 3771 1128 3824 seruanda
1148 3776 1195 3821 est.
1227 3759 1347 3818 Horatius

277 3935 285 3940 ,
355 3877 423 3927 enim
445 3875 508 3927 duat
530 3875 672 3927 sententias
693 3872 770 3940 plane
789 3871 838 3924 sibi
858 3870 1142 3939 oppositas-enunciat,
1161 3865 1197 3913 ita
1216 3869 1244 3912 ut
1266 3859 1348 3912 altera

355 3970 490 4023 ldeireone
508 3985 588 4036 aeger
599 3965 700 4018 verbis:
723 3967 782 4020 Non
796 3966 876 4032 quivis
891 3971 959 4032 sqq„
977 3963 1058 4014 altera
1077 3962 1121 4015 Aa·
1139 3974 1226 4010 omnes
1243 3954 1348 4007 verbirr

352 4065 389 4118 Et
405 4062 468 4115 data
484 4065 609 4140 limante
621 4076 683 4134 sqq.
702 4055 865 4128 respondeat.
884 4059 929 4114 stc
948 4073 1025 4112 nnnc-
1036 4056 1230 4111 cinamomum
1243 4061 1348 4120 queque

237 4223 244 4232 ‚
355 4157 388 4214 ll·
407 4171 438 4226 pr
454 4155 478 4208 7.
