2976 4986
552 317 800 410 ...'41...

125 530 257 613 simplici
285 530 406 594 conone
429 533 662 611 componerem,
693 532 872 612 utquisque
904 530 984 594 idem
1015 533 1117 594 iacere
1136 547 1228 610 nosse

123 640 186 702 sibi
207 638 449 716 videretumsed
471 641 607 718 momnis
625 655 736 720 magno
756 638 863 702 iubore
879 639 1013 710 adhibito
1028 639 1135 702 frustm
1159 646 1228 700 tco-

125 754 219 813 torct.
274 745 400 808 Tantum
435 747 516 807 enim
548 752 618 826 opto
652 747 830 827 compositio
861 754 893 810 et
921 748 1030 812 collido
1060 749 1239 828 argumenti

124 853 270 918 tractatio
291 851 401 914 volem.
444 851 549 931 Neque
581 851 675 914 Fanni
696 869 714 914 c
736 851 832 916 silvis
852 855 916 916 suis
946 856 977 917 in
1001 872 1145 918 scaenam
1172 855 1230 918 dc·-

128 961 213 1026 ducti
233 966 355 1024 utentur
376 973 518 1022 sermone
536 966 596 1022 mm
611 959 727 1023 nrbeno
749 967 911 1037 ctomnto,
932 961 1229 1042 uthominespncnc

128 1069 305 1150 comperio
326 1067 394 1131 foro
417 1074 586 1147 uersantes,
609 1069 810 1149 qui'moiiiter
832 1087 867 1131 nc
886 1070 1056 1132 iuveniliter
1067 1071 1229 1133 uerborum

129 1175 265 1262 flosculis
287 1174 456 1252 lasciviunt,
478 1193 580 1255 neque
601 1183 661 1238 tom
676 1177 802 1240 sordido
823 1177 1229 1258 etobscnenoplcbismorc

129 1285 290 1366 loquuntur
305 1290 342 1362 ¹),
363 1290 395 1346 ut
415 1282 559 1346 nobilium
578 1290 608 1345 et
628 1283 827 1366 ingenuorum
848 1285 1002 1348 hominum
1025 1301 1114 1348 cures
1129 1284 1230 1346 offen-

132 1393 224 1472 dent,
241 1393 349 1474 qnippe
375 1393 426 1472 qni
448 1409 512 1455 non
536 1391 654 1470 codem,
678 1400 767 1473 atquc
789 1393 890 1455 infimo
910 1392 980 1456 loco
1001 1393 1065 1456 noti
1087 1393 1232 1472 compro-

134 1501 216 1564 oenc
257 1499 432 1580 Quanquam
452 1516 471 1586 c
492 1497 573 1562 nullo
594 1499 740 1579 epistolae
762 1498 832 1563 looo
864 1500 945 1562 effici
969 1507 1069 1580 potest
1090 1500 1232 1562 Pisonem

132 1614 212 1669 natu·
235 1609 380 1672 maiorem
407 1605 438 1667 in
460 1603 560 1668 subula
584 1607 715 1686 satyrico
738 1606 901 1669 scribenda
923 1614 1101 1688 occupatum
1123 1606 1229 1683 fnisse,

131 1713 304 1778 hoc-tomen
315 1729 417 1796 ¹gemus
431 1712 584 1776 Romanos
600 1731 720 1795 quoque
732 1721 875 1794 tentasse,
896 1733 984 1794 quum
1007 1733 1047 1778 ex
1065 1714 1125 1776 hoc
1145 1715 1227 1793 loom

133 1829 195 1886 tum
212 1837 336 1886 eversu
349 1823 420 1886 285.
443 1824 518 1884 sotis
535 1829 658 1904 apparet
669 1829 706 1901 2).
728 1823 810 1906 'latu
825 1839 911 1902 vero,
931 1824 958 1886 si
973 1824 1154 1903 quaerimus,
1175 1841 1231 1886 cur

132 1931 274 1996 Horatius
290 1932 328 1994 in
348 1931 490 1994 scaenico
507 1933 595 2011 poesi
618 1930 774 1994 tractando
795 1930 923 2010 tamdiu
940 1937 1088 2008 versetur,
1110 1949 1149 1992 cx
1164 1932 1231 1993 eius

130 2038 332 2114 Sermombus
356 2040 555 2104 certissimam
591 2039 796 2102 coniecturam
827 2037 934 2100 iacere·
961 2056 1121 2118 possumus
1159 2039 1230 2120 plc-

132 2163 245 2226 rosque
273 2146 346 2208 ortis
378 2148 532 2227 imperitos
556 2146 759 2210 Romanorum
783 2149 910 2226 poetes,
937 2143 1034 2226 qunm‘
1049 2146 1178 2209 studium
1201 2151 1231 2208 ct

131 2250 268 2319 laborem
291 2250 442 2334 fugerent,
463 2254 494 2314 in
519 2251 693 2315 difficillimo
711 2270 827 2334 genere
850 2251 901 2314 iiio
922 2250 1127 2316 infelicissime
1147 2254 1232 2333 peri.

130 2359 250 2427 clitotos
273 2377 344 2424 csse
367 2362 404 2437 3)·
448 2359 550 2433 Quum*
566 2375 639 2440 vero
653 2359 794 2420 Horatius
818 2359 861 2426 dc
880 2361 1023 2424 scaenica
1044 2362 1230 2443 poesiogc-

130 2476 187 2548 ret,
200 2469 267 2532 -hoc
288 2468 367 2542 ioco,
382 2469 509 2530 maxine
534 2475 702 2550 opportuno
724 2466 763 2530 de
784 2473 880 2532 metro
901 2467 988 2532 huius
1009 2471 1133 2551 generis
1153 2487 1230 2550 pro-

130 2578 198 2659 prio
220 2577 324 2640 dicere
345 2577 532 2660 aggreditur.

216 2683 357 2752 Romani
388 2695 509 2772 poetae
540 2707 614 2754 omn
647 2694 751 2755 cmm-‘s
779 2693 916 2774 ueneris
947 2687 1229 2772 maurissionem

133 2799 201 2860 tun
232 2800 376 2862 maxime
405 2801 493 2862 ortis
520 2802 680 2863 metricae
700 2803 884 2883 praecepto
914 2816 978 2862 nou
1001 2795 1229 2864 obsco-norunt:

134 2902 277 2979 (uoci.
299 2920 393 2985 usqne
416 2902 461 2967 nd:
478 2901 565 2984 274.)
780 2885 783 2892 ¹

215 3012 391 3095 Priusquam
419 3013 561 3078 Horatius
589 3013 629 3076 de
659 3013 780 3077 iambici
797 3007 898 3078 'metri
926 3014 1044 3098 legibus
1076 3012 1229 3096 loquntnm

167 3310 194 3384 1)
212 3310 240 3363 [n
251 3327 276 3363 v.
286 3311 347 3363 245.
368 3312 522 3379 explicando
535 3328 620 3381 neque
630 3313 857 3368 Mitscherlichium
869 3326 974 3380 sequor,
995 3311 1039 3379 qui
1052 3317 1124 3378 putat
1142 3307 1229 3360 verbis

172 3397 176 3408 ’
229 3408 316 3457 innati
336 3409 419 3459 trimis
445 3425 479 3460 cc
505 3425 590 3484 necne
613 3412 730 3478 forenses
753 3409 853 3460 turbem
879 3407 1002 3459 urbanum
1018 3407 1053 3478 'in
1080 3406 1230 3456 universum

231 3499 382 3565 significari,
400 3517 486 3569 neque
506 3505 638 3556 incorum
657 3505 810 3555 sententiam
829 3502 964 3554 discedere
983 3517 1097 3570 possum,
1116 3501 1160 3568 qui
1180 3515 1229 3551 vo-

200 3617 204 3640 ι
230 3589 350 3642 eubulum
367 3608 469 3646 ccccm
488 3604 533 3647 cut
550 3599 746 3666 permutandum
764 3613 822 3652 esse
837 3598 1002 3650 contendunt.
1039 3597 1151 3648 Primum
1161 3595 1229 3646 onim

171 3753 180 3766 ·
231 3685 351 3740 Horatius
366 3689 480 3742 homines
490 3691 594 3744 iunctm
612 3701 638 3744 et
652 3709 738 3763 paene
754 3695 871 3761 forenses
887 3695 955 3745 inter
972 3709 1001 3748 se
1019 3692 1161 3758 dispumtos
1180 3705 1228 3740 co·

232 3781 360 3848 gitaticne
379 3784 585 3850 comprehendit,
604 3781 698 3838 deinde
715 3785 795 3838 verba
808 3787 858 3840 sibi
874 3788 995 3856 opposita
1007 3786 1132 3852 disiungit
1150 3792 1228 3853 atque

230 3874 339 3928 ultcmm
359 3893 385 3929 v.
407 3878 485 3942 246„
515 3878 624 3932 alterum
647 3895 673 3934 v.
695 3880 756 3934 247.
774 3881 878 3950 plenius
897 3883 1011 3950 exponit.
1023 3901 1026 3908 ·
1040 3880 1080 3934 cf.
1102 3877 1182 3934 Orell.
1201 3879 1228 3929 in

230 3979 367 4024 comment.
389 3980 415 4022 et
435 3974 553 4026 cxciv.

183 4082 212 4154 2)
231 4081 272 4136 Gi.
291 4083 427 4138 Pnldomus
446 4085 464 4136 i.
484 4085 502 4136 Ι.
520 4087 574 4138 XV.
593 4102 619 4154 p.
640 4085 683 4138 92.
701 4094 728 4138 ct
747 4087 886 4142 Pacsovius
903 4103 929 4158 p.
952 4087 1011 4140 137.

182 4201 211 4278 3)
231 4201 271 4257 Oi.
288 4203 355 4276 Epo.
375 4206 409 4274 11,
430 4207 455 4273 1,
476 4205 527 4258 166
547 4223 604 4278 sqq.
622 4215 649 4262 ct
667 4207 813 4262 Poldomus.
