<?xml version="1.0" encoding="UTF-8"?>
<!DOCTYPE html PUBLIC "-//W3C//DTD XHTML 1.0 Transitional//EN"
    "http://www.w3.org/TR/xhtml1/DTD/xhtml1-transitional.dtd">
<html xmlns="http://www.w3.org/1999/xhtml" xml:lang="en" lang="en">
 <head>
  <title>
</title>
<meta http-equiv="Content-Type" content="text/html;charset=utf-8" />
  <meta name='ocr-system' content='tesseract 3.04.00' />
  <meta name='ocr-capabilities' content='ocr_page ocr_carea ocr_par ocr_line ocrx_word'/>
</head>
<body>
  <div class='ocr_page' id='page_1' title='image "./dequintihoratii00hilggoog_0046.png"; bbox 0 0 2976 4986; ppageno 0'>
   <div class='ocr_carea' id='block_1_1' title="bbox 558 391 806 461">
    <p class='ocr_par' dir='ltr' id='par_1_1' title="bbox 558 391 806 461">
     <span class='ocr_line' id='line_1_1' title="bbox 558 391 806 461; baseline 0.04 -9"><span class='ocrx_word' id='word_1_1' title='bbox 558 391 806 461; x_wconf 61' lang='lat' dir='ltr'><strong>..at-</strong></span> 
     </span>
    </p>
   </div>
   <div class='ocr_carea' id='block_1_2' title="bbox 127 577 1336 2076">
    <p class='ocr_par' dir='ltr' id='par_1_2' title="bbox 127 577 1336 1853">
     <span class='ocr_line' id='line_1_2' title="bbox 128 577 1234 664; baseline 0.005 -22"><span class='ocrx_word' id='word_1_2' title='bbox 128 577 290 659; x_wconf 79' lang='lat' dir='ltr'><strong>relinquat.</strong></span> <span class='ocrx_word' id='word_1_3' title='bbox 309 583 335 656; x_wconf 83' lang='lat'><strong>¹)</strong></span> <span class='ocrx_word' id='word_1_4' title='bbox 369 578 471 640; x_wconf 69' lang='lat' dir='ltr'><strong>uictas</strong></span> <span class='ocrx_word' id='word_1_5' title='bbox 494 586 592 642; x_wconf 84' lang='lat' dir='ltr'><strong>autem</strong></span> <span class='ocrx_word' id='word_1_6' title='bbox 605 581 709 644; x_wconf 71' lang='lat' dir='ltr'><strong>&#39;virilis</strong></span> <span class='ocrx_word' id='word_1_7' title='bbox 731 583 850 644; x_wconf 90' lang='lat' dir='ltr'><strong>mutatis</strong></span> <span class='ocrx_word' id='word_1_8' title='bbox 865 580 972 644; x_wconf 90' lang='lat' dir='ltr'><strong>studiis</strong></span> <span class='ocrx_word' id='word_1_9' title='bbox 994 581 1234 664; x_wconf 72' lang='lat' dir='ltr'><strong>divitias&#39;qtmm</strong></span> 
     </span>
     <span class='ocr_line' id='line_1_3' title="bbox 127 663 1232 773; baseline 0.004 -23"><span class='ocrx_word' id='word_1_10' title='bbox 127 689 181 765; x_wconf 87' lang='lat' dir='ltr'><strong>rit,</strong></span> <span class='ocrx_word' id='word_1_11' title='bbox 204 663 341 748; x_wconf 68' lang='lat' dir='ltr'><strong>honores</strong></span> <span class='ocrx_word' id='word_1_12' title='bbox 360 687 493 752; x_wconf 75' lang='lat' dir='ltr'><strong>adfectat</strong></span> <span class='ocrx_word' id='word_1_13' title='bbox 514 696 562 770; x_wconf 86' lang='lat' dir='ltr'><strong>et,</strong></span> <span class='ocrx_word' id='word_1_14' title='bbox 584 709 623 752; x_wconf 89' lang='lat' dir='ltr'><strong>ne</strong></span> <span class='ocrx_word' id='word_1_15' title='bbox 655 690 726 772; x_wconf 90' lang='lat' dir='ltr'><strong>quid</strong></span> <span class='ocrx_word' id='word_1_16' title='bbox 754 680 867 770; x_wconf 84' lang='lat' dir='ltr'><strong>iaciat,</strong></span> <span class='ocrx_word' id='word_1_17' title='bbox 882 691 976 773; x_wconf 74' lang='lat' dir='ltr'><strong>&#39;quod</strong></span> <span class='ocrx_word' id='word_1_18' title='bbox 1004 692 1063 755; x_wconf 89' lang='lat' dir='ltr'><strong>sihi</strong></span> <span class='ocrx_word' id='word_1_19' title='bbox 1092 691 1232 754; x_wconf 84' lang='lat' dir='ltr'><strong>dammum</strong></span> 
     </span>
     <span class='ocr_line' id='line_1_4' title="bbox 129 794 1234 884; baseline 0.005 -26"><span class='ocrx_word' id='word_1_20' title='bbox 129 795 272 874; x_wconf 85' lang='lat' dir='ltr'><strong>adierat,</strong></span> <span class='ocrx_word' id='word_1_21' title='bbox 298 794 459 880; x_wconf 85' lang='lat' dir='ltr'><strong>diligenter</strong></span> <span class='ocrx_word' id='word_1_22' title='bbox 483 803 580 860; x_wconf 85' lang='lat' dir='ltr'><strong>cavet.</strong></span> <span class='ocrx_word' id='word_1_23' title='bbox 623 798 725 862; x_wconf 84' lang='lat' dir='ltr'><strong>Senex</strong></span> <span class='ocrx_word' id='word_1_24' title='bbox 748 797 877 878; x_wconf 89' lang='lat' dir='ltr'><strong>denique</strong></span> <span class='ocrx_word' id='word_1_25' title='bbox 906 799 1004 862; x_wconf 89' lang='lat' dir='ltr'><strong>multis</strong></span> <span class='ocrx_word' id='word_1_26' title='bbox 1032 800 1234 884; x_wconf 74' lang='lat' dir='ltr'>incommodis</span> 
     </span>
     <span class='ocr_line' id='line_1_5' title="bbox 130 883 1233 990; baseline 0 -21"><span class='ocrx_word' id='word_1_27' title='bbox 130 906 286 969; x_wconf 84' lang='lat' dir='ltr'><strong>obnoxius</strong></span> <span class='ocrx_word' id='word_1_28' title='bbox 309 905 366 984; x_wconf 87' lang='lat' dir='ltr'><strong>est&#39;,</strong></span> <span class='ocrx_word' id='word_1_29' title='bbox 386 883 547 988; x_wconf 77' lang='lat' dir='ltr'><strong>propterea</strong></span> <span class='ocrx_word' id='word_1_30' title='bbox 563 907 644 990; x_wconf 91' lang='lat' dir='ltr'><strong>quod</strong></span> <span class='ocrx_word' id='word_1_31' title='bbox 664 907 714 970; x_wconf 88' lang='lat' dir='ltr'><strong>vel</strong></span> <span class='ocrx_word' id='word_1_32' title='bbox 728 924 801 988; x_wconf 89' lang='lat' dir='ltr'><strong>opes</strong></span> <span class='ocrx_word' id='word_1_33' title='bbox 814 917 926 987; x_wconf 83' lang='lat' dir='ltr'><strong>&#39;parare</strong></span> <span class='ocrx_word' id='word_1_34' title='bbox 941 907 1042 970; x_wconf 90' lang='lat' dir='ltr'><strong>studet</strong></span> <span class='ocrx_word' id='word_1_35' title='bbox 1060 910 1233 989; x_wconf 76' lang='lat' dir='ltr'>paratisque</span> 
     </span>
     <span class='ocr_line' id='line_1_6' title="bbox 131 1013 1237 1098; baseline 0.002 -20"><span class='ocrx_word' id='word_1_36' title='bbox 131 1014 210 1080; x_wconf 87' lang='lat' dir='ltr'><strong>nolit</strong></span> <span class='ocrx_word' id='word_1_37' title='bbox 233 1016 297 1095; x_wconf 90' lang='lat' dir='ltr'><strong>uti,</strong></span> <span class='ocrx_word' id='word_1_38' title='bbox 328 1013 378 1078; x_wconf 90' lang='lat' dir='ltr'><strong>vel</strong></span> <span class='ocrx_word' id='word_1_39' title='bbox 408 1014 489 1096; x_wconf 90' lang='lat' dir='ltr'><strong>quod</strong></span> <span class='ocrx_word' id='word_1_40' title='bbox 511 1015 613 1078; x_wconf 87' lang='lat' dir='ltr'><strong>omnia</strong></span> <span class='ocrx_word' id='word_1_41' title='bbox 647 1017 736 1084; x_wconf 85' lang='lat' dir='ltr'><strong>nimis</strong></span> <span class='ocrx_word' id='word_1_42' title='bbox 767 1023 854 1080; x_wconf 89' lang='lat' dir='ltr'><strong>caute</strong></span> <span class='ocrx_word' id='word_1_43' title='bbox 884 1015 1077 1097; x_wconf 83' lang='lat' dir='ltr'><strong>segniterque</strong></span> <span class='ocrx_word' id='word_1_44' title='bbox 1108 1018 1237 1098; x_wconf 77' lang='lat' dir='ltr'><strong>peragit,</strong></span> 
     </span>
     <span class='ocr_line' id='line_1_7' title="bbox 137 1121 1237 1210; baseline 0.003 -26"><span class='ocrx_word' id='word_1_45' title='bbox 137 1139 226 1204; x_wconf 92' lang='lat' dir='ltr'><strong>quum</strong></span> <span class='ocrx_word' id='word_1_46' title='bbox 257 1139 294 1184; x_wconf 88' lang='lat' dir='ltr'><strong>ea</strong></span> <span class='ocrx_word' id='word_1_47' title='bbox 316 1121 465 1204; x_wconf 73' lang='lat' dir='ltr'><strong>longioris</strong></span> <span class='ocrx_word' id='word_1_48' title='bbox 496 1123 577 1185; x_wconf 85' lang='lat' dir='ltr'><strong>vitae</strong></span> <span class='ocrx_word' id='word_1_49' title='bbox 603 1140 688 1204; x_wconf 89' lang='lat' dir='ltr'><strong>spem</strong></span> <span class='ocrx_word' id='word_1_50' title='bbox 719 1122 868 1185; x_wconf 78' lang='lat' dir='ltr'><strong>inchoans</strong></span> <span class='ocrx_word' id='word_1_51' title='bbox 894 1124 1114 1204; x_wconf 88' lang='lat' dir='ltr'><strong>procrastinet,</strong></span> <span class='ocrx_word' id='word_1_52' title='bbox 1131 1130 1237 1210; x_wconf 77' lang='lat' dir='ltr'><strong>atqup</strong></span> 
     </span>
     <span class='ocr_line' id='line_1_8' title="bbox 137 1229 1237 1313; baseline 0.003 -21"><span class='ocrx_word' id='word_1_53' title='bbox 137 1231 267 1313; x_wconf 80' lang='lat' dir='ltr'><strong>ignauus</strong></span> <span class='ocrx_word' id='word_1_54' title='bbox 287 1236 320 1294; x_wconf 87' lang='lat' dir='ltr'><strong>ct</strong></span> <span class='ocrx_word' id='word_1_55' title='bbox 341 1229 431 1294; x_wconf 82' lang='lat' dir='ltr'><strong>futuri</strong></span> <span class='ocrx_word' id='word_1_56' title='bbox 452 1231 595 1312; x_wconf 85' lang='lat' dir='ltr'><strong>temporis</strong></span> <span class='ocrx_word' id='word_1_57' title='bbox 615 1229 734 1294; x_wconf 89' lang='lat' dir='ltr'><strong>sciendi</strong></span> <span class='ocrx_word' id='word_1_58' title='bbox 757 1230 892 1312; x_wconf 87' lang='lat' dir='ltr'><strong>cupidus,</strong></span> <span class='ocrx_word' id='word_1_59' title='bbox 913 1247 1064 1310; x_wconf 85' lang='lat' dir='ltr'><strong>morosus,</strong></span> <span class='ocrx_word' id='word_1_60' title='bbox 1082 1249 1141 1292; x_wconf 88' lang='lat' dir='ltr'><strong>nec</strong></span> <span class='ocrx_word' id='word_1_61' title='bbox 1153 1239 1237 1294; x_wconf 80' lang='lat' dir='ltr'><strong>sorte</strong></span> 
     </span>
     <span class='ocr_line' id='line_1_9' title="bbox 139 1337 1237 1420; baseline 0.002 -19"><span class='ocrx_word' id='word_1_62' title='bbox 139 1355 194 1402; x_wconf 87' lang='lat' dir='ltr'><strong>sua</strong></span> <span class='ocrx_word' id='word_1_63' title='bbox 218 1345 377 1402; x_wconf 86' lang='lat' dir='ltr'><strong>contentus</strong></span> <span class='ocrx_word' id='word_1_64' title='bbox 400 1338 439 1400; x_wconf 94' lang='lat' dir='ltr'><strong>de</strong></span> <span class='ocrx_word' id='word_1_65' title='bbox 460 1337 587 1420; x_wconf 84' lang='lat' dir='ltr'><strong>singulis</strong></span> <span class='ocrx_word' id='word_1_66' title='bbox 608 1337 807 1401; x_wconf 72' lang='lat' dir='ltr'><strong>incommodis</strong></span> <span class='ocrx_word' id='word_1_67' title='bbox 829 1356 866 1400; x_wconf 90' lang='lat' dir='ltr'><strong>ac</strong></span> <span class='ocrx_word' id='word_1_68' title='bbox 883 1338 927 1400; x_wconf 76' lang='lat' dir='ltr'><strong>‘de</strong></span> <span class='ocrx_word' id='word_1_69' title='bbox 946 1339 1032 1400; x_wconf 88' lang='lat' dir='ltr'><strong>malis</strong></span> <span class='ocrx_word' id='word_1_70' title='bbox 1052 1341 1237 1420; x_wconf 87' lang='lat' dir='ltr'><strong>temporibus</strong></span> 
     </span>
     <span class='ocr_line' id='line_1_10' title="bbox 139 1447 1239 1530; baseline 0.004 -21"><span class='ocrx_word' id='word_1_71' title='bbox 139 1449 272 1528; x_wconf 86' lang='lat' dir='ltr'><strong>queritur</strong></span> <span class='ocrx_word' id='word_1_72' title='bbox 295 1453 327 1510; x_wconf 93' lang='lat' dir='ltr'><strong>et</strong></span> <span class='ocrx_word' id='word_1_73' title='bbox 349 1447 511 1522; x_wconf 85' lang='lat' dir='ltr'><strong>iuventutis</strong></span> <span class='ocrx_word' id='word_1_74' title='bbox 534 1463 607 1511; x_wconf 88' lang='lat' dir='ltr'><strong>suae</strong></span> <span class='ocrx_word' id='word_1_75' title='bbox 632 1454 760 1510; x_wconf 87' lang='lat' dir='ltr'><strong>aetatem</strong></span> <span class='ocrx_word' id='word_1_76' title='bbox 782 1448 965 1530; x_wconf 84' lang='lat' dir='ltr'><strong>praedicans</strong></span> <span class='ocrx_word' id='word_1_77' title='bbox 985 1449 1118 1513; x_wconf 88' lang='lat' dir='ltr'><strong>minores</strong></span> <span class='ocrx_word' id='word_1_78' title='bbox 1133 1451 1239 1512; x_wconf 80' lang='lat' dir='ltr'><strong>incie-</strong></span> 
     </span>
     <span class='ocr_line' id='line_1_11' title="bbox 138 1557 1239 1640; baseline 0.004 -23"><span class='ocrx_word' id='word_1_79' title='bbox 138 1563 189 1636; x_wconf 90' lang='lat' dir='ltr'><strong>pat</strong></span> <span class='ocrx_word' id='word_1_80' title='bbox 210 1563 239 1618; x_wconf 90' lang='lat' dir='ltr'><strong>et</strong></span> <span class='ocrx_word' id='word_1_81' title='bbox 258 1557 417 1640; x_wconf 84' lang='lat' dir='ltr'><strong>obiurgat;</strong></span> <span class='ocrx_word' id='word_1_82' title='bbox 448 1563 610 1638; x_wconf 87' lang='lat' dir='ltr'><strong>praeterea</strong></span> <span class='ocrx_word' id='word_1_83' title='bbox 632 1558 697 1638; x_wconf 89' lang='lat' dir='ltr'><strong>ipsa</strong></span> <span class='ocrx_word' id='word_1_84' title='bbox 726 1565 810 1620; x_wconf 88' lang='lat' dir='ltr'><strong>aetas</strong></span> <span class='ocrx_word' id='word_1_85' title='bbox 832 1559 937 1620; x_wconf 86' lang='lat' dir='ltr'><strong>senilis</strong></span> <span class='ocrx_word' id='word_1_86' title='bbox 960 1558 1058 1621; x_wconf 91' lang='lat' dir='ltr'><strong>multis</strong></span> <span class='ocrx_word' id='word_1_87' title='bbox 1072 1557 1169 1632; x_wconf 52' lang='lat' dir='ltr'><strong>,rebus</strong></span> <span class='ocrx_word' id='word_1_88' title='bbox 1189 1558 1239 1621; x_wconf 67' lang='lat' dir='ltr'><strong>la*-</strong></span> 
     </span>
     <span class='ocr_line' id='line_1_12' title="bbox 138 1663 1336 1748; baseline 0.005 -24"><span class='ocrx_word' id='word_1_89' title='bbox 138 1663 236 1725; x_wconf 87' lang='lat' dir='ltr'><strong>horat.</strong></span> <span class='ocrx_word' id='word_1_90' title='bbox 279 1663 384 1744; x_wconf 90' lang='lat' dir='ltr'><strong>ltaque</strong></span> <span class='ocrx_word' id='word_1_91' title='bbox 413 1667 504 1746; x_wconf 79' lang='lat' dir='ltr'><strong>poeta</strong></span> <span class='ocrx_word' id='word_1_92' title='bbox 528 1663 636 1744; x_wconf 89' lang='lat' dir='ltr'><strong>cuique</strong></span> <span class='ocrx_word' id='word_1_93' title='bbox 668 1664 758 1728; x_wconf 83' lang='lat' dir='ltr'><strong>aetati</strong></span> <span class='ocrx_word' id='word_1_94' title='bbox 772 1671 896 1746; x_wconf 89' lang='lat' dir='ltr'><strong>partes,</strong></span> <span class='ocrx_word' id='word_1_95' title='bbox 919 1682 996 1748; x_wconf 85' lang='lat' dir='ltr'><strong>quae</strong></span> <span class='ocrx_word' id='word_1_96' title='bbox 1024 1665 1134 1728; x_wconf 88' lang='lat' dir='ltr'><strong>decent</strong></span> <span class='ocrx_word' id='word_1_97' title='bbox 1161 1685 1239 1746; x_wconf 87' lang='lat' dir='ltr'><strong>eam,</strong></span> <span class='ocrx_word' id='word_1_98' title='bbox 1329 1728 1336 1748; x_wconf 82' lang='grc'><em>,</em></span> 
     </span>
     <span class='ocr_line' id='line_1_13' title="bbox 137 1771 955 1853; baseline -0.006 -18"><span class='ocrx_word' id='word_1_99' title='bbox 137 1771 249 1836; x_wconf 87' lang='lat' dir='ltr'><strong>tribuat</strong></span> <span class='ocrx_word' id='word_1_100' title='bbox 267 1775 394 1853; x_wconf 90' lang='lat' dir='ltr'><strong>oportet.</strong></span> <span class='ocrx_word' id='word_1_101' title='bbox 880 1779 888 1794; x_wconf 92' lang='lat'><strong>·</strong></span> <span class='ocrx_word' id='word_1_102' title='bbox 953 1790 955 1796; x_wconf 93' lang='lat'>·</span> 
     </span>
    </p>

    <p class='ocr_par' dir='ltr' id='par_1_3' title="bbox 136 1877 1263 2076">
     <span class='ocr_line' id='line_1_14' title="bbox 136 1877 1238 1970; baseline 0 -22"><span class='ocrx_word' id='word_1_103' title='bbox 136 1893 147 1903; x_wconf 90' lang='grc'><em>·</em></span> <span class='ocrx_word' id='word_1_104' title='bbox 194 1899 196 1906; x_wconf 79' lang='grc'><em>’</em></span> <span class='ocrx_word' id='word_1_105' title='bbox 226 1877 343 1948; x_wconf 83' lang='lat' dir='ltr'><strong>Verum</strong></span> <span class='ocrx_word' id='word_1_106' title='bbox 364 1881 427 1946; x_wconf 87' lang='lat' dir='ltr'><strong>hoc</strong></span> <span class='ocrx_word' id='word_1_107' title='bbox 446 1899 511 1946; x_wconf 82' lang='lat' dir='ltr'><strong>aaa</strong></span> <span class='ocrx_word' id='word_1_108' title='bbox 531 1877 678 1970; x_wconf 66' lang='lat' dir='ltr'><strong>sufficet,</strong></span> <span class='ocrx_word' id='word_1_109' title='bbox 699 1879 778 1960; x_wconf 82' lang='lat' dir='ltr'><strong>sed,</strong></span> <span class='ocrx_word' id='word_1_110' title='bbox 802 1899 844 1946; x_wconf 80' lang='lat' dir='ltr'><strong>ue</strong></span> <span class='ocrx_word' id='word_1_111' title='bbox 864 1883 992 1946; x_wconf 81' lang='lat' dir='ltr'><strong>veritus</strong></span> <span class='ocrx_word' id='word_1_112' title='bbox 1011 1886 1147 1966; x_wconf 81' lang='lat' dir='ltr'><strong>poetice</strong></span> <span class='ocrx_word' id='word_1_113' title='bbox 1166 1882 1238 1948; x_wconf 65' lang='lat' dir='ltr'><strong>toea</strong></span> 
     </span>
     <span class='ocr_line' id='line_1_15' title="bbox 138 1986 1263 2076; baseline -0.005 -20"><span class='ocrx_word' id='word_1_114' title='bbox 138 1991 250 2070; x_wconf 83' lang='lat' dir='ltr'><strong>detur,</strong></span> <span class='ocrx_word' id='word_1_115' title='bbox 269 1994 369 2056; x_wconf 83' lang='lat' dir='ltr'><strong>etium</strong></span> <span class='ocrx_word' id='word_1_116' title='bbox 392 1989 548 2054; x_wconf 80' lang='lat' dir='ltr'><strong>decorum</strong></span> <span class='ocrx_word' id='word_1_117' title='bbox 568 1995 602 2053; x_wconf 87' lang='lat' dir='ltr'><strong>et</strong></span> <span class='ocrx_word' id='word_1_118' title='bbox 631 1986 803 2073; x_wconf 76' lang='lat' dir='ltr'><strong>probabile</strong></span> <span class='ocrx_word' id='word_1_119' title='bbox 829 1994 928 2074; x_wconf 77' lang='lat' dir='ltr'><strong>utque</strong></span> <span class='ocrx_word' id='word_1_120' title='bbox 945 1989 1072 2070; x_wconf 67' lang='lat' dir='ltr'><strong>domm,</strong></span> <span class='ocrx_word' id='word_1_121' title='bbox 1094 2009 1179 2076; x_wconf 67' lang='lat' dir='ltr'><strong>quae</strong></span> <span class='ocrx_word' id='word_1_122' title='bbox 1196 1992 1241 2058; x_wconf 69' lang='lat' dir='ltr'><strong>al</strong></span> <span class='ocrx_word' id='word_1_123' title='bbox 1261 2045 1263 2050; x_wconf 79' lang='grc'>,</span> 
     </span>
    </p>
   </div>
   <div class='ocr_carea' id='block_1_3' title="bbox 135 2089 1241 2283">
    <p class='ocr_par' dir='ltr' id='par_1_4' title="bbox 135 2089 1241 2283">
     <span class='ocr_line' id='line_1_16' title="bbox 140 2089 1241 2181; baseline 0.002 -19"><span class='ocrx_word' id='word_1_124' title='bbox 140 2096 288 2180; x_wconf 77' lang='lat' dir='ltr'><strong>sudalam</strong></span> <span class='ocrx_word' id='word_1_125' title='bbox 308 2089 388 2164; x_wconf 81' lang='lat' dir='ltr'><strong>heae</strong></span> <span class='ocrx_word' id='word_1_126' title='bbox 408 2097 618 2163; x_wconf 77' lang='lat' dir='ltr'><strong>scribendam</strong></span> <span class='ocrx_word' id='word_1_127' title='bbox 635 2102 820 2181; x_wconf 81' lang='lat' dir='ltr'><strong>pertinent,</strong></span> <span class='ocrx_word' id='word_1_128' title='bbox 840 2101 875 2164; x_wconf 79' lang='lat' dir='ltr'><strong>tn</strong></span> <span class='ocrx_word' id='word_1_129' title='bbox 893 2115 1020 2164; x_wconf 76' lang='lat' dir='ltr'><strong>scaeua</strong></span> <span class='ocrx_word' id='word_1_130' title='bbox 1038 2097 1156 2180; x_wconf 76' lang='lat' dir='ltr'><strong>dehent</strong></span> <span class='ocrx_word' id='word_1_131' title='bbox 1185 2098 1241 2164; x_wconf 81' lang='lat' dir='ltr'><strong>oh·</strong></span> 
     </span>
     <span class='ocr_line' id='line_1_17' title="bbox 135 2201 872 2283; baseline -0.012 -10"><span class='ocrx_word' id='word_1_132' title='bbox 135 2208 278 2272; x_wconf 76' lang='lat' dir='ltr'><strong>amori.</strong></span> <span class='ocrx_word' id='word_1_133' title='bbox 322 2211 368 2282; x_wconf 90' lang='lat' dir='ltr'><strong>(v.</strong></span> <span class='ocrx_word' id='word_1_134' title='bbox 394 2203 463 2266; x_wconf 82' lang='lat'><strong>179.</strong></span> <span class='ocrx_word' id='word_1_135' title='bbox 484 2221 579 2283; x_wconf 89' lang='lat' dir='ltr'><strong>usque</strong></span> <span class='ocrx_word' id='word_1_136' title='bbox 601 2202 641 2265; x_wconf 92' lang='lat' dir='ltr'><strong>ad</strong></span> <span class='ocrx_word' id='word_1_137' title='bbox 662 2201 790 2280; x_wconf 68' lang='lat' dir='ltr'><strong>cett.)</strong></span> <span class='ocrx_word' id='word_1_138' title='bbox 869 2257 872 2264; x_wconf 88' lang='lat'>.</span> 
     </span>
    </p>
   </div>
   <div class='ocr_carea' id='block_1_4' title="bbox 132 2310 1281 3902">
    <p class='ocr_par' dir='ltr' id='par_1_5' title="bbox 136 2310 1281 3580">
     <span class='ocr_line' id='line_1_18' title="bbox 220 2310 1241 2398; baseline 0.001 -25"><span class='ocrx_word' id='word_1_139' title='bbox 220 2310 401 2398; x_wconf 28' lang='lat' dir='ltr'><strong>Videndum·</strong></span> <span class='ocrx_word' id='word_1_140' title='bbox 414 2317 461 2372; x_wconf 90' lang='lat' dir='ltr'><strong>est</strong></span> <span class='ocrx_word' id='word_1_141' title='bbox 482 2312 573 2393; x_wconf 87' lang='lat' dir='ltr'><strong>igitur</strong></span> <span class='ocrx_word' id='word_1_142' title='bbox 596 2314 719 2391; x_wconf 74' lang='lat' dir='ltr'><strong>poetae,</strong></span> <span class='ocrx_word' id='word_1_143' title='bbox 741 2310 812 2391; x_wconf 92' lang='lat' dir='ltr'><strong>quid</strong></span> <span class='ocrx_word' id='word_1_144' title='bbox 829 2328 961 2373; x_wconf 89' lang='lat' dir='ltr'><strong>scaenae</strong></span> <span class='ocrx_word' id='word_1_145' title='bbox 976 2311 1149 2390; x_wconf 88' lang='lat' dir='ltr'><strong>conveniat,</strong></span> <span class='ocrx_word' id='word_1_146' title='bbox 1169 2311 1241 2394; x_wconf 89' lang='lat' dir='ltr'><strong>quid</strong></span> 
     </span>
     <span class='ocr_line' id='line_1_19' title="bbox 137 2415 1240 2498; baseline 0.001 -19"><span class='ocrx_word' id='word_1_147' title='bbox 137 2435 208 2480; x_wconf 89' lang='lat' dir='ltr'><strong>non.</strong></span> <span class='ocrx_word' id='word_1_148' title='bbox 254 2418 396 2492; x_wconf 79' lang='lat' dir='ltr'><strong>Quamvis</strong></span> <span class='ocrx_word' id='word_1_149' title='bbox 429 2416 515 2479; x_wconf 84' lang='lat' dir='ltr'><strong>euim·</strong></span> <span class='ocrx_word' id='word_1_150' title='bbox 532 2416 739 2478; x_wconf 83' lang='lat' dir='ltr'><strong>vehementius</strong></span> <span class='ocrx_word' id='word_1_151' title='bbox 760 2415 913 2478; x_wconf 82' lang='lat' dir='ltr'><strong>homiuum</strong></span> <span class='ocrx_word' id='word_1_152' title='bbox 942 2417 1060 2481; x_wconf 89' lang='lat' dir='ltr'><strong>animos</strong></span> <span class='ocrx_word' id='word_1_153' title='bbox 1086 2426 1240 2498; x_wconf 89' lang='lat' dir='ltr'><strong>moveant,</strong></span> 
     </span>
     <span class='ocr_line' id='line_1_20' title="bbox 136 2525 1240 2609; baseline 0 -21"><span class='ocrx_word' id='word_1_154' title='bbox 136 2544 214 2609; x_wconf 91' lang='lat' dir='ltr'><strong>quae</strong></span> <span class='ocrx_word' id='word_1_155' title='bbox 237 2525 346 2608; x_wconf 88' lang='lat' dir='ltr'><strong>oeulis,</strong></span> <span class='ocrx_word' id='word_1_156' title='bbox 365 2542 452 2608; x_wconf 88' lang='lat' dir='ltr'><strong>quam</strong></span> <span class='ocrx_word' id='word_1_157' title='bbox 467 2543 544 2606; x_wconf 90' lang='lat' dir='ltr'><strong>quae</strong></span> <span class='ocrx_word' id='word_1_158' title='bbox 567 2525 690 2587; x_wconf 89' lang='lat' dir='ltr'><strong>auribus</strong></span> <span class='ocrx_word' id='word_1_159' title='bbox 709 2526 924 2606; x_wconf 84' lang='lat' dir='ltr'><strong>percipiuntur,</strong></span> <span class='ocrx_word' id='word_1_160' title='bbox 945 2542 1008 2587; x_wconf 88' lang='lat' dir='ltr'><strong>nou</strong></span> <span class='ocrx_word' id='word_1_161' title='bbox 1023 2527 1123 2587; x_wconf 91' lang='lat' dir='ltr'><strong>omnia</strong></span> <span class='ocrx_word' id='word_1_162' title='bbox 1139 2533 1240 2590; x_wconf 88' lang='lat' dir='ltr'><strong>tamen</strong></span> 
     </span>
     <span class='ocr_line' id='line_1_21' title="bbox 136 2629 1243 2715; baseline -0.001 -18"><span class='ocrx_word' id='word_1_163' title='bbox 136 2636 167 2697; x_wconf 90' lang='lat' dir='ltr'><strong>in</strong></span> <span class='ocrx_word' id='word_1_164' title='bbox 188 2629 335 2696; x_wconf 90' lang='lat' dir='ltr'><strong>scaenam</strong></span> <span class='ocrx_word' id='word_1_165' title='bbox 352 2633 563 2715; x_wconf 80' lang='lat' dir='ltr'><strong>proferantur:</strong></span> <span class='ocrx_word' id='word_1_166' title='bbox 585 2651 690 2695; x_wconf 89' lang='lat' dir='ltr'><strong>verum</strong></span> <span class='ocrx_word' id='word_1_167' title='bbox 705 2634 842 2696; x_wconf 83' lang='lat' dir='ltr'><strong>actiones</strong></span> <span class='ocrx_word' id='word_1_168' title='bbox 864 2632 953 2696; x_wconf 91' lang='lat' dir='ltr'><strong>nimis</strong></span> <span class='ocrx_word' id='word_1_169' title='bbox 975 2639 1109 2712; x_wconf 70' lang='lat' dir='ltr'><strong>atroces·</strong></span> <span class='ocrx_word' id='word_1_170' title='bbox 1129 2631 1243 2696; x_wconf 82' lang='lat' dir='ltr'><strong>netan-</strong></span> 
     </span>
     <span class='ocr_line' id='line_1_22' title="bbox 138 2727 1243 2824; baseline -0.001 -19"><span class='ocrx_word' id='word_1_171' title='bbox 138 2742 197 2806; x_wconf 88' lang='lat' dir='ltr'><strong>dae</strong></span> <span class='ocrx_word' id='word_1_172' title='bbox 230 2760 267 2806; x_wconf 90' lang='lat' dir='ltr'><strong>ac</strong></span> <span class='ocrx_word' id='word_1_173' title='bbox 298 2743 411 2823; x_wconf 84' lang='lat' dir='ltr'><strong>mirae,</strong></span> <span class='ocrx_word' id='word_1_174' title='bbox 441 2761 518 2823; x_wconf 88' lang='lat' dir='ltr'><strong>quae</strong></span> <span class='ocrx_word' id='word_1_175' title='bbox 541 2727 730 2824; x_wconf 84' lang='lat' dir='ltr'><strong>spectatores</strong></span> <span class='ocrx_word' id='word_1_176' title='bbox 758 2741 850 2806; x_wconf 91' lang='lat' dir='ltr'><strong>nimio</strong></span> <span class='ocrx_word' id='word_1_177' title='bbox 880 2743 1038 2824; x_wconf 87' lang='lat' dir='ltr'><strong>implerent</strong></span> <span class='ocrx_word' id='word_1_178' title='bbox 1060 2742 1189 2805; x_wconf 88' lang='lat' dir='ltr'><strong>hcr&#39;rore</strong></span> <span class='ocrx_word' id='word_1_179' title='bbox 1212 2749 1243 2804; x_wconf 91' lang='lat' dir='ltr'><strong>et</strong></span> 
     </span>
     <span class='ocr_line' id='line_1_23' title="bbox 139 2843 1241 2933; baseline 0.002 -22"><span class='ocrx_word' id='word_1_180' title='bbox 139 2857 277 2913; x_wconf 87' lang='lat' dir='ltr'><strong>naturam</strong></span> <span class='ocrx_word' id='word_1_181' title='bbox 299 2850 458 2913; x_wconf 86' lang='lat' dir='ltr'><strong>humanam</strong></span> <span class='ocrx_word' id='word_1_182' title='bbox 480 2849 679 2930; x_wconf 82' lang='lat' dir='ltr'><strong>offenderent,</strong></span> <span class='ocrx_word' id='word_1_183' title='bbox 703 2868 765 2914; x_wconf 90' lang='lat' dir='ltr'><strong>uon</strong></span> <span class='ocrx_word' id='word_1_184' title='bbox 782 2857 910 2933; x_wconf 84' lang='lat' dir='ltr'><strong>agantur</strong></span> <span class='ocrx_word' id='word_1_185' title='bbox 933 2853 964 2912; x_wconf 92' lang='lat' dir='ltr'><strong>iu</strong></span> <span class='ocrx_word' id='word_1_186' title='bbox 986 2843 1110 2930; x_wconf 82' lang='lat' dir='ltr'><strong>scaena,</strong></span> <span class='ocrx_word' id='word_1_187' title='bbox 1132 2851 1188 2914; x_wconf 88' lang='lat' dir='ltr'><strong>sed</strong></span> <span class='ocrx_word' id='word_1_188' title='bbox 1203 2852 1241 2913; x_wconf 91' lang='lat' dir='ltr'><strong>ah</strong></span> 
     </span>
     <span class='ocr_line' id='line_1_24' title="bbox 140 2945 1281 3041; baseline -0.001 -21"><span class='ocrx_word' id='word_1_189' title='bbox 140 2957 198 3021; x_wconf 90' lang='lat' dir='ltr'><strong>hac</strong></span> <span class='ocrx_word' id='word_1_190' title='bbox 229 2959 318 3021; x_wconf 88' lang='lat' dir='ltr'><strong>illave</strong></span> <span class='ocrx_word' id='word_1_191' title='bbox 349 2977 482 3041; x_wconf 88' lang='lat' dir='ltr'><strong>persona</strong></span> <span class='ocrx_word' id='word_1_192' title='bbox 512 2945 692 3022; x_wconf 83' lang='lat' dir='ltr'><strong>enarrentur</strong></span> <span class='ocrx_word' id='word_1_193' title='bbox 720 2976 851 3022; x_wconf 90' lang='lat' dir='ltr'><strong>necesse</strong></span> <span class='ocrx_word' id='word_1_194' title='bbox 882 2967 937 3023; x_wconf 93' lang='lat' dir='ltr'><strong>est.</strong></span> <span class='ocrx_word' id='word_1_195' title='bbox 952 2966 980 3040; x_wconf 85' lang='lat'><strong>2)</strong></span> <span class='ocrx_word' id='word_1_196' title='bbox 1022 2957 1130 3036; x_wconf 86' lang='lat' dir='ltr'><strong>Adde,</strong></span> <span class='ocrx_word' id='word_1_197' title='bbox 1161 2957 1242 3037; x_wconf 92' lang='lat' dir='ltr'><strong>quod</strong></span> <span class='ocrx_word' id='word_1_198' title='bbox 1277 2987 1281 2994; x_wconf 92' lang='lat'><strong>·</strong></span> 
     </span>
     <span class='ocr_line' id='line_1_25' title="bbox 141 3065 1243 3148; baseline 0.003 -22"><span class='ocrx_word' id='word_1_199' title='bbox 141 3068 238 3130; x_wconf 88' lang='lat' dir='ltr'><strong>omnis</strong></span> <span class='ocrx_word' id='word_1_200' title='bbox 258 3065 371 3144; x_wconf 85' lang='lat' dir='ltr'><strong>sabula,</strong></span> <span class='ocrx_word' id='word_1_201' title='bbox 392 3073 424 3129; x_wconf 91' lang='lat' dir='ltr'><strong>ut</strong></span> <span class='ocrx_word' id='word_1_202' title='bbox 444 3066 554 3148; x_wconf 88' lang='lat' dir='ltr'><strong>pupulo</strong></span> <span class='ocrx_word' id='word_1_203' title='bbox 567 3066 687 3148; x_wconf 87' lang='lat' dir='ltr'><strong>placeat</strong></span> <span class='ocrx_word' id='word_1_204' title='bbox 707 3073 736 3128; x_wconf 93' lang='lat' dir='ltr'><strong>et</strong></span> <span class='ocrx_word' id='word_1_205' title='bbox 751 3067 872 3148; x_wconf 88' lang='lat' dir='ltr'><strong>saepius</strong></span> <span class='ocrx_word' id='word_1_206' title='bbox 888 3065 1052 3148; x_wconf 88' lang='lat' dir='ltr'><strong>spectanda</strong></span> <span class='ocrx_word' id='word_1_207' title='bbox 1066 3065 1243 3146; x_wconf 87' lang='lat' dir='ltr'><strong>postuletur,</strong></span> 
     </span>
     <span class='ocr_line' id='line_1_26' title="bbox 141 3173 1242 3256; baseline 0 -20"><span class='ocrx_word' id='word_1_208' title='bbox 141 3177 321 3254; x_wconf 80' lang='lat' dir='ltr'><strong>neemiam,</strong></span> <span class='ocrx_word' id='word_1_209' title='bbox 341 3193 399 3237; x_wconf 89' lang='lat' dir='ltr'><strong>nec</strong></span> <span class='ocrx_word' id='word_1_210' title='bbox 421 3175 518 3238; x_wconf 90' lang='lat' dir='ltr'><strong>maior</strong></span> <span class='ocrx_word' id='word_1_211' title='bbox 537 3175 666 3256; x_wconf 89' lang='lat' dir='ltr'><strong>quinque</strong></span> <span class='ocrx_word' id='word_1_212' title='bbox 683 3173 798 3236; x_wconf 90' lang='lat' dir='ltr'><strong>actibus</strong></span> <span class='ocrx_word' id='word_1_213' title='bbox 821 3190 891 3236; x_wconf 89' lang='lat' dir='ltr'><strong>esse</strong></span> <span class='ocrx_word' id='word_1_214' title='bbox 906 3173 1005 3236; x_wconf 89' lang='lat' dir='ltr'><strong>dehet.</strong></span> <span class='ocrx_word' id='word_1_215' title='bbox 1047 3174 1152 3254; x_wconf 85' lang='lat' dir='ltr'><strong>Neque</strong></span> <span class='ocrx_word' id='word_1_216' title='bbox 1167 3174 1242 3237; x_wconf 85' lang='lat' dir='ltr'><strong>deus</strong></span> 
     </span>
     <span class='ocr_line' id='line_1_27' title="bbox 138 3278 1240 3362; baseline 0.002 -20"><span class='ocrx_word' id='word_1_217' title='bbox 138 3299 177 3343; x_wconf 85' lang='lat' dir='ltr'><strong>cx</strong></span> <span class='ocrx_word' id='word_1_218' title='bbox 199 3283 348 3360; x_wconf 85' lang='lat' dir='ltr'><strong>machina,</strong></span> <span class='ocrx_word' id='word_1_219' title='bbox 370 3291 402 3347; x_wconf 93' lang='lat' dir='ltr'><strong>ut</strong></span> <span class='ocrx_word' id='word_1_220' title='bbox 422 3284 514 3362; x_wconf 88' lang='lat' dir='ltr'><strong>aiunt,</strong></span> <span class='ocrx_word' id='word_1_221' title='bbox 530 3284 569 3346; x_wconf 93' lang='lat' dir='ltr'><strong>ad</strong></span> <span class='ocrx_word' id='word_1_222' title='bbox 593 3283 704 3346; x_wconf 90' lang='lat' dir='ltr'><strong>nodum</strong></span> <span class='ocrx_word' id='word_1_223' title='bbox 721 3279 947 3344; x_wconf 91' lang='lat' dir='ltr'><strong>dissolvendum</strong></span> <span class='ocrx_word' id='word_1_224' title='bbox 969 3278 1156 3360; x_wconf 88' lang='lat' dir='ltr'><strong>adhibeatur,</strong></span> <span class='ocrx_word' id='word_1_225' title='bbox 1180 3285 1240 3345; x_wconf 86' lang='lat' dir='ltr'><strong>nisi</strong></span> 
     </span>
     <span class='ocr_line' id='line_1_28' title="bbox 140 3378 1240 3474; baseline 0.001 -22"><span class='ocrx_word' id='word_1_226' title='bbox 140 3387 262 3453; x_wconf 90' lang='lat' dir='ltr'><strong>lahulae</strong></span> <span class='ocrx_word' id='word_1_227' title='bbox 285 3391 387 3454; x_wconf 89' lang='lat' dir='ltr'><strong>exitus·</strong></span> <span class='ocrx_word' id='word_1_228' title='bbox 404 3411 462 3474; x_wconf 91' lang='lat' dir='ltr'><strong>ope</strong></span> <span class='ocrx_word' id='word_1_229' title='bbox 484 3392 585 3456; x_wconf 85' lang='lat' dir='ltr'><strong>divina</strong></span> <span class='ocrx_word' id='word_1_230' title='bbox 609 3392 760 3474; x_wconf 82' lang='lat' dir='ltr'><strong>indigeat3</strong></span> <span class='ocrx_word' id='word_1_231' title='bbox 783 3408 852 3452; x_wconf 89' lang='lat' dir='ltr'><strong>uam</strong></span> <span class='ocrx_word' id='word_1_232' title='bbox 880 3378 1039 3470; x_wconf 83' lang='lat' dir='ltr'><strong>explicatio</strong></span> <span class='ocrx_word' id='word_1_233' title='bbox 1070 3385 1094 3449; x_wconf 71' lang='lat' dir='ltr'><strong>e&#39;</strong></span> <span class='ocrx_word' id='word_1_234' title='bbox 1120 3388 1240 3453; x_wconf 84' lang='lat' dir='ltr'><strong>fabulae</strong></span> 
     </span>
     <span class='ocr_line' id='line_1_29' title="bbox 136 3498 653 3580; baseline -0.002 -20"><span class='ocrx_word' id='word_1_235' title='bbox 136 3505 316 3580; x_wconf 83' lang='lat' dir='ltr'><strong>argumento</strong></span> <span class='ocrx_word' id='word_1_236' title='bbox 333 3498 462 3580; x_wconf 89' lang='lat' dir='ltr'><strong>prodeat</strong></span> <span class='ocrx_word' id='word_1_237' title='bbox 483 3505 611 3579; x_wconf 87' lang='lat' dir='ltr'><strong>oportet.</strong></span> <span class='ocrx_word' id='word_1_238' title='bbox 626 3499 653 3577; x_wconf 79' lang='lat'><strong>³)</strong></span> 
     </span>
    </p>

    <p class='ocr_par' dir='ltr' id='par_1_6' title="bbox 132 3602 1237 3902">
     <span class='ocr_line' id='line_1_30' title="bbox 217 3602 1237 3690; baseline -0.004 -20"><span class='ocrx_word' id='word_1_239' title='bbox 217 3607 322 3690; x_wconf 89' lang='lat' dir='ltr'><strong>Neque</strong></span> <span class='ocrx_word' id='word_1_240' title='bbox 353 3614 458 3690; x_wconf 88' lang='lat' dir='ltr'><strong>quarta</strong></span> <span class='ocrx_word' id='word_1_241' title='bbox 487 3623 619 3689; x_wconf 88' lang='lat' dir='ltr'><strong>persona</strong></span> <span class='ocrx_word' id='word_1_242' title='bbox 650 3607 733 3687; x_wconf 91' lang='lat' dir='ltr'><strong>loqui</strong></span> <span class='ocrx_word' id='word_1_243' title='bbox 763 3610 913 3680; x_wconf 87' lang='lat' dir='ltr'><strong>conetur,</strong></span> <span class='ocrx_word' id='word_1_244' title='bbox 939 3619 1027 3683; x_wconf 89' lang='lat' dir='ltr'><strong>quam</strong></span> <span class='ocrx_word' id='word_1_245' title='bbox 1060 3619 1122 3664; x_wconf 89' lang='lat' dir='ltr'><strong>nou</strong></span> <span class='ocrx_word' id='word_1_246' title='bbox 1144 3602 1237 3665; x_wconf 90' lang='lat' dir='ltr'><strong>modo</strong></span> 
     </span>
     <span class='ocr_line' id='line_1_31' title="bbox 135 3709 1236 3797; baseline 0.001 -23"><span class='ocrx_word' id='word_1_247' title='bbox 135 3731 198 3776; x_wconf 90' lang='lat' dir='ltr'><strong>nun</strong></span> <span class='ocrx_word' id='word_1_248' title='bbox 219 3713 399 3791; x_wconf 88' lang='lat' dir='ltr'><strong>desiderari,</strong></span> <span class='ocrx_word' id='word_1_249' title='bbox 418 3715 474 3778; x_wconf 91' lang='lat' dir='ltr'><strong>sed</strong></span> <span class='ocrx_word' id='word_1_250' title='bbox 494 3717 583 3778; x_wconf 92' lang='lat' dir='ltr'><strong>etiam</strong></span> <span class='ocrx_word' id='word_1_251' title='bbox 604 3731 859 3797; x_wconf 75' lang='lat' dir='ltr'><strong>supervacaneam</strong></span> <span class='ocrx_word' id='word_1_252' title='bbox 882 3731 918 3773; x_wconf 93' lang='lat' dir='ltr'><strong>ac</strong></span> <span class='ocrx_word' id='word_1_253' title='bbox 933 3709 1089 3772; x_wconf 89' lang='lat' dir='ltr'><strong>molestam</strong></span> <span class='ocrx_word' id='word_1_254' title='bbox 1102 3727 1171 3789; x_wconf 83' lang='lat' dir='ltr'><strong>esse</strong></span> <span class='ocrx_word' id='word_1_255' title='bbox 1185 3712 1236 3775; x_wconf 91' lang='lat' dir='ltr'><strong>illu</strong></span> 
     </span>
     <span class='ocr_line' id='line_1_32' title="bbox 132 3817 1236 3902; baseline 0.002 -20"><span class='ocrx_word' id='word_1_256' title='bbox 132 3821 252 3884; x_wconf 83' lang='lat' dir='ltr'><strong>laboret</strong></span> <span class='ocrx_word' id='word_1_257' title='bbox 272 3824 471 3902; x_wconf 70' lang='lat' dir='ltr'><strong>indicatur.⁴)</strong></span> <span class='ocrx_word' id='word_1_258' title='bbox 506 3823 601 3897; x_wconf 85' lang='lat' dir='ltr'><strong>Quum</strong></span> <span class='ocrx_word' id='word_1_259' title='bbox 614 3823 753 3884; x_wconf 89' lang='lat' dir='ltr'><strong>Horatius</strong></span> <span class='ocrx_word' id='word_1_260' title='bbox 777 3819 814 3881; x_wconf 96' lang='lat' dir='ltr'><strong>de</strong></span> <span class='ocrx_word' id='word_1_261' title='bbox 829 3819 947 3900; x_wconf 86' lang='lat' dir='ltr'><strong>legibus</strong></span> <span class='ocrx_word' id='word_1_262' title='bbox 968 3817 1146 3900; x_wconf 85' lang='lat' dir='ltr'><strong>tragoediae</strong></span> <span class='ocrx_word' id='word_1_263' title='bbox 1159 3838 1236 3901; x_wconf 87' lang='lat' dir='ltr'><strong>prc-</strong></span> 
     </span>
    </p>
   </div>
   <div class='ocr_carea' id='block_1_5' title="bbox 181 3977 1062 4140">
    <p class='ocr_par' dir='ltr' id='par_1_7' title="bbox 181 3977 1062 4140">
     <span class='ocr_line' id='line_1_33' title="bbox 183 3977 892 4047; baseline -0.004 -17"><span class='ocrx_word' id='word_1_264' title='bbox 183 3979 210 4047; x_wconf 80' lang='lat'><strong>1)</strong></span> <span class='ocrx_word' id='word_1_265' title='bbox 227 3977 293 4046; x_wconf 87' lang='lat' dir='ltr'><strong>Epp.</strong></span> <span class='ocrx_word' id='word_1_266' title='bbox 312 3981 348 4045; x_wconf 85' lang='lat'><strong>11,</strong></span> <span class='ocrx_word' id='word_1_267' title='bbox 371 3981 395 4043; x_wconf 90' lang='lat'><strong>1,</strong></span> <span class='ocrx_word' id='word_1_268' title='bbox 416 3979 488 4034; x_wconf 83' lang='lat' dir='ltr'><strong>rcc-</strong></span> <span class='ocrx_word' id='word_1_269' title='bbox 512 3979 583 4032; x_wconf 87' lang='lat' dir='ltr'><strong>l’ers.</strong></span> <span class='ocrx_word' id='word_1_270' title='bbox 601 3979 648 4042; x_wconf 89' lang='lat' dir='ltr'><strong>lll,</strong></span> <span class='ocrx_word' id='word_1_271' title='bbox 667 3977 711 4031; x_wconf 80' lang='lat'><strong>23.</strong></span> <span class='ocrx_word' id='word_1_272' title='bbox 732 3977 763 4042; x_wconf 89' lang='lat' dir='ltr'><strong>V,</strong></span> <span class='ocrx_word' id='word_1_273' title='bbox 781 3977 816 4030; x_wconf 81' lang='lat'><strong>30</strong></span> <span class='ocrx_word' id='word_1_274' title='bbox 836 3991 892 4044; x_wconf 82' lang='lat' dir='ltr'><strong>sqq.</strong></span> 
     </span>
     <span class='ocr_line' id='line_1_34' title="bbox 181 4065 1062 4140; baseline -0.006 -18"><span class='ocrx_word' id='word_1_275' title='bbox 181 4070 210 4140; x_wconf 81' lang='lat'><strong>2)</strong></span> <span class='ocrx_word' id='word_1_276' title='bbox 231 4069 271 4120; x_wconf 83' lang='lat' dir='ltr'><strong>lle</strong></span> <span class='ocrx_word' id='word_1_277' title='bbox 292 4069 417 4122; x_wconf 88' lang='lat' dir='ltr'><strong>hocloco</strong></span> <span class='ocrx_word' id='word_1_278' title='bbox 437 4070 505 4122; x_wconf 85' lang='lat' dir='ltr'><strong>bene</strong></span> <span class='ocrx_word' id='word_1_279' title='bbox 522 4071 664 4138; x_wconf 86' lang='lat' dir='ltr'><strong>disputavit</strong></span> <span class='ocrx_word' id='word_1_280' title='bbox 682 4068 742 4121; x_wconf 84' lang='lat' dir='ltr'><strong>Chr.</strong></span> <span class='ocrx_word' id='word_1_281' title='bbox 761 4069 840 4120; x_wconf 87' lang='lat' dir='ltr'><strong>llenr.</strong></span> <span class='ocrx_word' id='word_1_282' title='bbox 863 4067 984 4120; x_wconf 82' lang='lat' dir='ltr'><strong>Pautller.</strong></span> <span class='ocrx_word' id='word_1_283' title='bbox 1003 4065 1021 4117; x_wconf 94' lang='lat' dir='ltr'><strong>l.</strong></span> <span class='ocrx_word' id='word_1_284' title='bbox 1043 4065 1062 4117; x_wconf 87' lang='lat' dir='ltr'><strong>l.</strong></span> 
     </span>
    </p>
   </div>
   <div class='ocr_carea' id='block_1_6' title="bbox 181 4155 1236 4330">
    <p class='ocr_par' dir='ltr' id='par_1_8' title="bbox 181 4155 1236 4330">
     <span class='ocr_line' id='line_1_35' title="bbox 181 4155 1236 4238; baseline -0.007 -22"><span class='ocrx_word' id='word_1_285' title='bbox 181 4155 211 4234; x_wconf 72' lang='lat'><strong>35</strong></span> <span class='ocrx_word' id='word_1_286' title='bbox 229 4163 270 4216; x_wconf 75' lang='lat' dir='ltr'><strong>Gi.</strong></span> <span class='ocrx_word' id='word_1_287' title='bbox 288 4165 367 4218; x_wconf 81' lang='lat' dir='ltr'><strong>Arist.</strong></span> <span class='ocrx_word' id='word_1_288' title='bbox 386 4167 457 4219; x_wconf 70' lang='lat' dir='ltr'><strong>Post</strong></span> <span class='ocrx_word' id='word_1_289' title='bbox 477 4167 531 4234; x_wconf 86' lang='lat' dir='ltr'><strong>llll,</strong></span> <span class='ocrx_word' id='word_1_290' title='bbox 545 4169 569 4220; x_wconf 87' lang='grc'><strong>7.</strong></span> <span class='ocrx_word' id='word_1_291' title='bbox 590 4166 679 4238; x_wconf 87' lang='lat' dir='ltr'><strong>ibique</strong></span> <span class='ocrx_word' id='word_1_292' title='bbox 690 4166 782 4220; x_wconf 79' lang='lat' dir='ltr'><strong>hitter.</strong></span> <span class='ocrx_word' id='word_1_293' title='bbox 812 4161 1031 4233; x_wconf 81' lang='lat' dir='ltr'><strong>Doeutzcr.p.66</strong></span> <span class='ocrx_word' id='word_1_294' title='bbox 1042 4177 1091 4232; x_wconf 82' lang='lat' dir='ltr'><strong>sq,</strong></span> <span class='ocrx_word' id='word_1_295' title='bbox 1116 4157 1167 4212; x_wconf 78' lang='lat'><strong>169</strong></span> <span class='ocrx_word' id='word_1_296' title='bbox 1179 4171 1236 4226; x_wconf 84' lang='lat' dir='ltr'><strong>sqq.</strong></span> 
     </span>
     <span class='ocr_line' id='line_1_36' title="bbox 182 4257 543 4330; baseline 0.006 -20"><span class='ocrx_word' id='word_1_297' title='bbox 182 4257 212 4330; x_wconf 79' lang='lat' dir='ltr'><strong>t)</strong></span> <span class='ocrx_word' id='word_1_298' title='bbox 230 4258 270 4312; x_wconf 80' lang='lat' dir='ltr'><strong>Gt.</strong></span> <span class='ocrx_word' id='word_1_299' title='bbox 294 4259 378 4313; x_wconf 83' lang='lat' dir='ltr'><strong>Dium.</strong></span> <span class='ocrx_word' id='word_1_300' title='bbox 398 4277 424 4330; x_wconf 89' lang='lat' dir='ltr'><strong>p.</strong></span> <span class='ocrx_word' id='word_1_301' title='bbox 443 4260 497 4316; x_wconf 73' lang='grc'><strong>488</strong></span> <span class='ocrx_word' id='word_1_302' title='bbox 515 4261 543 4314; x_wconf 83' lang='lat' dir='ltr'><strong>P.</strong></span> 
     </span>
    </p>
   </div>
   <div class='ocr_carea' id='block_1_7' title="bbox 0 0 1508 4986">
    <p class='ocr_par' dir='ltr' id='par_1_9' title="bbox 0 0 1508 4986">
     <span class='ocr_line' id='line_1_37' title="bbox 0 0 1508 4986; baseline 0 0"><span class='ocrx_word' id='word_1_303' title='bbox 0 0 1508 4986; x_wconf 95' lang='lat' dir='ltr'><strong> </strong></span> 
     </span>
    </p>
   </div>
  </div>
 </body>
</html>
