2976 4986
220 1621 280 1708 iarn
304 1624 418 1704 pridem
441 1623 518 1686 haec
534 1619 755 1701 erautseripta,
768 1615 947 1701 quumiorte
969 1607 1000 1676 in
1020 1629 1126 1675 manus
1147 1623 1232 1674 meus

137 1728 307 1794 inciderunt
335 1732 437 1794 nuncii
465 1730 601 1793 litterarii
621 1728 821 1792 Honacenses
842 1725 915 1790 anni
948 1721 1049 1800 1837,
1074 1720 1234 1802 inquibus

137 1837 243 1900 sched.
257 1838 316 1900 173
329 1856 394 1920 sqq.
415 1837 556 1902 Ammidii
575 1837 726 1900 liberium
742 1836 864 1915 saepius
885 1831 1023 1896 tantatus
1045 1836 1234 1898 recensetur.

137 1942 204 2018 Quo
225 1942 296 2006 loco
324 1945 520 2024 conscripse
543 1943 617 2006 satis
638 1942 764 2022 copiose
787 1930 1003 2004 sententiarum
1017 1938 1153 2002 ordinem
1176 1954 1235 2000 ex·-

135 2065 252 2129 pcnere
277 2057 403 2114 conatus
425 2057 488 2128 est,
521 2069 579 2131 qua
605 2050 725 2130 quidem
745 2048 956 2129 expositione,
976 2047 1049 2110 iicet
1076 2062 1139 2110 non
1162 2043 1236 2108 ubi·-

114 2171 196 2235 ,que
228 2161 389 2236 appareat,
414 2157 566 2238 quomodo
596 2156 733 2239 singulae
760 2139 931 2218 sententiae
963 2156 1043 2220 inter
1061 2172 1096 2218 sa
1118 2153 1237 2218 coliae-

139 2271 238 2344 reant,
258 2273 359 2328 tannen
383 2266 412 2328 oi
433 2284 483 2328 ros
503 2267 609 2330 meiius
625 2269 693 2336 sine
706 2267 798 2332 dubio
813 2268 915 2344 cessit,
933 2283 1024 2347 quam
1042 2265 1091 2344 iis,
1111 2264 1162 2345 pri
1176 2261 1238 2326 hu-

140 2389 254 2454 cusque
275 2371 317 2434 illi
341 2373 466 2436 cannini
487 2372 678 2454 explanando
700 2390 823 2454 operam
844 2373 1000 2438 dederunt.
1041 2372 1141 2452 Atque
1154 2370 1238 2434 band

138 2482 230 2557 scio,
254 2500 294 2545 an
315 2482 364 2545 hic
388 2483 478 2544 etiam
498 2480 583 2562 plura
602 2484 824 2563 praestitisset,
848 2484 875 2546 si
896 2499 959 2546 non
980 2477 1238 2562 persuasum'smt

137 2590 317 2668 habuisset,
338 2591 492 2654 Horatium
515 2593 546 2652 in
570 2592 711 2654 universa
735 2598 800 2654 arte
821 2593 940 2672 poetica
962 2592 1135 2654 scaenicum
1157 2591 1237 2670 poe.

138 2699 187 2762 sin
207 2705 345 2784 spectare
368 2698 464 2762 solam
482 2717 519 2762 ao
536 2699 637 2762 verbis
651 2698 723 2762 inde
744 2699 782 2762 ad
803 2719 832 2762 v.
850 2697 919 2762 136.
941 2715 1038 2781 usquc
1058 2697 1097 2760 ad
1117 2717 1147 2759 v.
1165 2696 1236 2758 tot.

137 2805 276 2887 exempla
291 2811 403 2870 tantum
417 2807 456 2870 ab
466 2808 556 2890 epieo
573 2809 707 2870 carmine
720 2806 875 2887 desumpta
891 2823 972 2885 osso,
985 2811 1147 2888 praecepta
1158 2819 1235 2868 vero

139 2914 204 2995 ipsa
225 2912 263 2976 ad
284 2916 455 2977 scaenioam
476 2916 584 2995 poesin
605 2915 767 2996 pertinere.
1147 2896 1151 2904 ⁵

222 3025 380 3088 Praeterea
404 3027 527 3090 nonita
543 3025 635 3088 multo
655 3031 725 3108 post
746 3027 784 3088 ab
807 3024 913 3088 amicis
934 3021 1047 3102 audivi,
1066 3017 1240 3102 nuperrime

140 3129 377 3202 Lindamoanum
400 3149 530 3215 quoque,
550 3132 731 3196 directorem
756 3133 906 3215 gymnasii
927 3131 1118 3196 Zittaviensis
1141 3126 1237 3190 meri-
1337 3131 1341 3138 '

140 3240 297 3318 tissimum,
318 3240 356 3302 do
376 3240 491 3304 Horatii
514 3238 553 3304 ad
567 3231 692 3306 Pisones
713 3240 838 3323 epistota
857 3239 1027 3322 sumpsisse.
1067 3236 1126 3310 Qui
1147 3253 1247 3317 qutun,

140 3345 245 3410 litteris
268 3354 392 3430 rogatus
414 3348 490 3412 duas
517 3348 738 3414 dissertationis
759 3349 921 3430 particulas
951 3347 991 3412 de
1019 3346 1080 3410 troc
1101 3345 1237 3410 carmine

139 3451 268 3532 scriptas
291 3452 329 3516 ad
354 3470 402 3516 me
424 3454 549 3533 miserit,
574 3455 678 3534 paucis
698 3454 757 3518 viri
780 3453 946 3520 doctissimi
969 3454 1149 3518 senteutiam
1176 3450 1237 3515 ad·

136 3557 214 3622 'dere
236 3557 307 3622 mihi
328 3560 428 3624 liceat.
475 3561 508 3624 ln
529 3569 604 3642 part
625 3562 647 3624 1.
668 3562 707 3626 de
724 3561 870 3643 epistolae
883 3568 1073 3644 argumento,
1095 3559 1237 3639 oonsilio,

139 3663 248 3730 ordine
262 3671 294 3727 et
314 3669 532 3752 compositione
554 3669 704 3750 disputat;
726 3669 757 3732 in
778 3669 872 3734 altera
885 3666 1026 3732 Anotera·
1038 3667 1237 3748 dispositione
1259 3709 1263 3716 -

140 3779 172 3836 et
199 3776 349 3838 sententia
375 3777 502 3842 reiutata
524 3781 562 3842 de
590 3778 719 3861 singulis
748 3779 887 3842 versibus
914 3783 998 3842 reete
1019 3774 1158 3859 legendis
1178 3792 1249 3840 err-¹

141 3881 350 3967 plicandisque
368 3888 441 3970 agit.
486 3887 613 3952 Primunr
635 3887 728 3970 igitur
750 3887 975 3951 manaimus
996 3885 1126 3949 diversis
1158 3883 1239 3946 aiio-

141 4007 207 4054 rum
229 3989 268 4052 de
290 3991 376 4055 huius
397 3993 538 4058 carminis
561 4004 738 4078 argumento
755 4004 786 4060 et
800 3999 928 4060 consilio
949 4002 981 4060 et
1000 3993 1143 4076 imprimis
1165 3992 1237 4074 qui-

141 4099 211 4162 dem
241 4099 400 4164 Wisioruiii
424 4109 454 4165 et
471 4101 542 4166 nitu
562 4106 719 4174 sententiis
740 4106 916 4187 improbatis
945 4121 1002 4168 eos
1028 4109 1142 4182 partem
1170 4099 1246 4162 veri·

139 4208 254 4276 vidisse
287 4208 446 4290 adfirmat,
477 4213 527 4296 qui
559 4215 728 4296 putaverint
759 4215 915 4284 Horatium
939 4230 1002 4278 non
1034 4211 1087 4276 imi
1121 4208 1235 4288 reon,
