2976 4986
664 355 1045 450 -ιι-

236 573 344 653 poetas
364 583 434 632 sese
464 569 596 647 iactant,
625 569 732 652 quibos
761 569 856 651 prima
888 571 961 632 artis
979 571 1121 650 'praemio
1158 571 1335 636 debeantur.

236 679 302 742 Ullo
324 676 417 742 modo
440 691 474 740 se
502 693 623 740 errasse
655 678 789 758 ortisque
818 677 904 757 leges
939 677 1085 758 ignorare
1103 683 1203 760 turpe
1236 687 1342 760 potant

237 787 344 852 lateri:
359 786 415 848 sed
428 793 527 850 tamen
544 803 665 866 operam
680 803 742 850 non
759 785 840 864 dant,
855 791 897 862 ut,
913 802 989 865 quae
999 786 1154 865 nesciunt,
1169 787 1298 851 discant.
1314 797 1346 867 Ι)·

235 893 386 972 Accedit,
402 891 499 973 ·quod
527 892 694 974 locupletes
724 896 835 972 poetae
875 891 1105 970 adsentatores,
1140 895 1191 974 qui
1222 896 1341 961 laodein

237 1003 370 1086 ipsorum
385 1002 552 1083 celebrent,
572 997 734 1083 praeconis
749 1003 856 1080 instar,
880 1002 929 1082 qui
950 1009 1068 1082 magite·
1085 1001 1220 1064 elamore
1241 1023 1341 1086 popu.

236 1089 304 1190 lp'm¹
317 1109 359 1175 ad
384 1126 505 1174 merces
536 1108 680 1174 emendas
712 1114 885 1186 convocat,
913 1107 1055 1180 alliciunt
1081 1181 1083 1187 ,
1108 1109 1338 1193 Quodsi-poeta

236 1220 383 1294 convivas
410 1214 497 1280 tauns
525 1223 670 1298 reeteque
701 1215 831 1280 conditis
861 1217 998 1297 epulist)
1029 1219 1173 1298 excipere
1202 1220 1251 1281 vel
1282 1240 1337 1303 pro

236 1325 297 1393 levi
316 1339 450 1410 paupere
473 1326 624 1414 spondere
644 1327 802 1407 tristique·
816 1343 908 1389 eausa
935 1325 1106 1406 implicitum
1128 1326 1259 1391 liberare
1279 1349 1339 1411 po-

238 1444 317 1516 test,
339 1453 444 1517 venna
465 1435 592 1498 amicum
615 1451 632 1498 a
659 1430 736 1497 lalso
760 1433 942 1516 dignoscere
961 1436 1066 1515 nequit
1075 1458 1087 1498 :v
1107 1437 1249 1515 quocirca
1269 1437 1336 1500 talis

204 1531 211 1540 ’
237 1545 368 1612 bominis
389 1543 509 1607 laudern
529 1541 613 1604 nihili
636 1541 730 1606 lacios
755 1547 883 1624 oportet,
927 1542 959 1605 Si
983 1557 1070 1623 quern
1092 1543 1184 1625 igitur
1205 1544 1257 1607 tibi
1281 1545 1339 1607 de-

236 1656 382 1732 vinxeris,
405 1655 435 1717 ei
456 1665 562 1714 versos
585 1656 653 1714 tuos
676 1651 781 1732 legere
795 1649 869 1729 noli,
892 1667 932 1712 ne
947 1663 1076 1714 munere
1104 1657 1154 1712 tuo
1178 1659 1341 1732 corruptus

236 1759 330 1824 falsas
355 1757 409 1820 tibi
431 1737 536 1818 laudes
564 1757 722 1836 impertiet.
736 1759 764 1836 ³)
808 1757 927 1834 Quare,
960 1758 986 1818 si
1007 1759 1140 1820 carmina
1164 1775 1339 1840 compones,

237 1882 278 1930 ne
307 1883 324 1926 a
357 1863 473 1932 dolosis
506 1865 670 1944 astutisque
702 1865 768 1928 istis
803 1864 974 1930 bominibus
1003 1866 1186 1948 decipieris,
1218 1883 1340 1930 caveas.

237 1975 359 2052 Verum,
380 1978 413 2036 ot
432 1973 597 2054 principes,
621 1974 647 2036 si
671 1989 760 2056 quem
779 1973 961 2055 exploraturi
984 1980 1062 2054 sunt,
1085 1991 1172 2056 qrrern
1193 1976 1225 2036 in
1248 1975 1340 2036 lanni-

239 2083 400 2149 liaritatem
420 2081 579 2162 recipiant,
602 2079 693 2143 mullo
715 2084 799 2160 vino,
820 2081 901 2162 quod
922 2094 1025 2145 veram
1046 2083 1138 2145 animi
1161 2085 1340 2145 sententiam

240 2189 389 2269 recludat,
412 2205 480 2251 euin
502 2193 619 2251 tentare
637 2187 753 2250 solent:
775 2189 816 2250 ite
838 2196 868 2252 tu
883 2207 1014 2271 quoque,
1034 2193 1205 2271 prinsquam
1229 2193 1343 2272 scripta

239 2304 290 2362 tua
312 2298 437 2360 alicuius
451 2295 563 2361 indicio
583 2296 761 2376 committas,
784 2299 915 2377 experiri
940 2315 1007 2361 eum
1033 2296 1168 2360 debebis.
1183 2303 1214 2378 ⁴)

326 2403 433 2484 Veros
464 2410 548 2471 enim
570 2412 671 2488 poeta
703 2409 843 2470 totorum
869 2407 1027 2474 bominum
1059 2407 1181 2490 plausu
1213 2413 1342 2475 minime

241 2519 415 2580 contentus
436 2517 586 2578 carmine
606 2513 650 2578 od
677 2513 801 2578 tentem
820 2513 1060 2598 perfectionem
1078 2515 1264 2598 perducere
1285 2535 1341 2582 co-

241 2627 351 2700 natur,
372 2627 459 2685 uteo
478 2639 543 2686 non
564 2621 671 2687 soloen
691 2620 822 2686 sibimet
842 2625 918 2705 ipsi,
941 2621 1115 2688 sederim
1129 2642 1247 2689 secere
1260 2625 1342 2689 doc-

241 2735 338 2815 toque
357 2729 461 2793 tudtci
478 2729 706 2811 sctissoetmrt.
728 2738 773 2804 (v.
798 2725 869 2790 438.
890 2745 987 2808 nsque
1007 2728 1046 2792 ad
1065 2727 1155 2807 459.)

324 2834 428 2915 ltaque
457 2835 597 2898 Horatius
625 2833 724 2896 lalloei
755 2833 797 2897 illi
830 2832 1017 2900 adsentatori
1047 2839 1211 2920 imaginem
1238 2840 1339 2902 severi

241 2949 331 3026 atque
359 2945 469 3025 integri
500 2941 664 3006 canninnm
694 2945 831 3005 censoris
854 2931 978 3026 opponit
1007 2951 1058 3025 et,
1080 2963 1138 3026 qna
1161 2963 1196 3008 re
1216 2945 1336 3008 lirnandl

241 3052 482 3134 emendandique
502 3071 608 3115 munus
632 3054 836 3129 contineatur,
856 3041 999 3161 pstendit
1016 3055 1046 3132 ⁵)
1088 3031 1253 3130 Quintilios
1274 3053 1339 3116 Vo-

243 3179 309 3240 ros,
330 3155 356 3223 si
378 3162 444 3244 quis
466 3162 495 3224 ei
511 3163 645 3226 carmina
668 3161 827 3240 recitabat,
851 3159 899 3239 e'a,
922 3177 1001 3242 qnae
1022 3163 1145 3236 minime
1162 3170 1229 3244 apta
1251 3163 1343 3226 vide-

242 3269 539 3350 bantur,emendari
561 3270 648 3334 iussit
670 3276 710 3347 et,
735 3271 761 3332 si
782 3288 846 3332 rem
860 3271 909 3332 bis
936 3277 1019 3333 terve
1042 3271 1149 3334 lnastre
1173 3278 1342 3336 tentaverat

243 3398 280 3442 no
302 3395 338 3442 se
359 3377 459 3442 locunr
472 3379 584 3442 rectius
600 3377 708 3440 ellerre
722 3395 784 3440 non
797 3395 890 3458 posse
903 3379 1100 3456 condonavit,
1122 3387 1215 3443 totum
1231 3379 1343 3459 locum,

234 3589 376 3605 *Denta-m—
411 3597 505 3608 ...aq-

297 3739 323 3808 ι)
342 3738 383 3790 cr.
405 3737 470 3806 epp.
488 3739 522 3803 ιι,
541 3740 567 3803 a,
588 3738 646 3792 ror.
684 3740 738 3790 cn.
759 3701 861 3795 incur.
882 3742 913 3803 v,
928 3737 978 3792 ἰι.
1016 3738 1235 3802 moniacam.
1264 3733 1267 3740 ·

295 3843 322 3914 2)
343 3842 382 3899 Cl.
401 3843 603 3910 Lindemannus,
623 3846 667 3914 qui
684 3855 756 3898 recte
778 3861 803 3896 v.
820 3854 924 3898 coetum
941 3843 1078 3898 intellexlt.
1101 3843 1155 3894 Ὀἱ
1177 3833 1239 3909 epp.'
1256 3843 1277 3905 l,
1298 3841 1341 3904 15,

263 3985 266 4010 2
347 3935 390 3988 ιιι.
427 3936 618 4002 relevare.
656 3937 892 4000 catolicos,
997 3970 1001 3985 .
1086 3975 1088 3982 ,
1202 3961 1214 3980 .,

291 4040 319 4106 3,
340 4039 379 4094 Gi.
399 4039 468 4094 Pers.
487 4041 508 4105 Ι,
529 4042 564 4096 52
583 4057 639 4110 sqq.

296 4144 325 4211 4)
344 4144 384 4196 Gt.
405 4147 474 4200 snat.
495 4146 549 4198 ιιι.
569 4147 612 4199 ιι.
650 4147 715 4199 ιιι.
736 4147 880 4214 oppam,
899 4147 941 4198 ιι.
1000 4168 1003 4177 -
1083 4171 1086 4180 ,
1193 4165 1199 4174 -

298 4247 326 4316 ⁵)
347 4247 387 4300 Ol·
406 4249 472 4318 Epp.
494 4249 527 4315 ιι,
545 4253 571 4317 2,
593 4251 643 4304 roc
661 4267 716 4320 sqq.
757 4251 842 4316 Quint.
862 4237 893 4315 x,
915 4249 940 4315 ι,
963 4251 985 4302 ι.
1011 4247 1068 4314 ιιιι,
1089 4243 1130 4313 ιι,
1149 4245 1192 4301 eo.
