2976 4986
545 373 793 446 -tde

182 557 186 568 '
206 565 362 645 Reliquum
370 545 434 637 cst,
456 569 487 624 ut
508 550 546 624 ad
569 580 634 639 eos,
658 565 706 642 qni
721 563 886 626 nouissime
908 563 946 625 de
968 562 1099 633 carmine
1115 569 1221 628 nostru

120 668 264 760 egerunt,
289 679 468 754 pergum1).
511 671 624 734 Primus
645 673 734 753 igitur
748 671 876 751 prodeat
891 667 1100 736 Bernbordias
1113 679 1151 753 ²),
1174 673 1221 736 uir

118 784 323 860 acutissimus,
345 781 406 860 qui,
426 778 674 859 munitionen,
699 781 755 840 nisi
777 791 920 842 summam
939 787 1167 861 praeceptorum
1190 786 1222 843 ct

118 890 315 956 consiliorum
345 895 379 952 tn
411 902 496 952 usum
525 888 727 954 recentiorum
752 893 907 968 poetarum
929 887 1052 952 scholae
1080 869 1220 972 scriptam

119 987 256 1074 videret,
276 1005 376 1076 neque
399 1002 508 1056 sonunt
530 1001 560 1056 et
583 994 698 1075 stilum,
730 1007 828 1075 neque
846 997 1060 1059 sententiarum
1085 998 1222 1060 ordinem

120 1123 160 1169 ao
180 1107 290 1168 seriem
312 1104 486 1184 permittere
509 1089 663 1182 iudicavit,
685 1110 717 1166 ut
737 1101 854 1167 duabus
876 1102 944 1167 libri
959 1105 1086 1168 secundi
1106 1081 1223 1187 episto-

123 1213 162 1276 lis
178 1214 266 1275 tertia
297 1212 519 1275 adnumeretur.
563 1211 623 1274 scd
647 1211 788 1292 equidem
817 1212 873 1276 bas
904 1217 967 1278 tres
997 1215 1140 1295 epistolas
1166 1229 1222 1296 pro

125 1311 323 1406 argumento,
352 1321 432 1402 qnod
462 1323 619 1384 maximam
640 1303 756 1401 partem
785 1324 816 1384 in
844 1325 932 1405 poesi
960 1323 1052 1386 latina
1072 1327 1223 1401 versatur,

122 1436 164 1495 ita
186 1421 269 1494 iuter¹
278 1447 312 1494 se
328 1417 505 1494 coniunctas
524 1445 604 1492 esse·
616 1445 740 1506 censeo,
760 1437 792 1492 ut
806 1447 862 1494 eae
876 1433 961 1511 quasi
980 1431 1131 1522 triiogiam
1145 1433 1224 1512 pob-

126 1545 214 1604 ticam
243 1539 366 1604 edicere
388 1557 424 1602 ao
454 1521 639 1602 seinvicem
662 1539 821 1602 inlustrare
842 1540 914 1604 mibi
927 1540 1095 1603 vincentur.
1138 1535 1223 1600 Rene

125 1651 216 1732 igitur
228 1647 407 1730 Lidberpius
419 1651 457 1728 ³),
470 1647 732 1712 Vestro-Gothus:
758 1647 854 1725 Ordo,
874 1647 978 1730 inquit,
996 1649 1136 1730 etsormo
1148 1641 1224 1725 ope-

124 1759 170 1820 ris
190 1755 490 1837 cpistotom‘indieot,
511 1756 556 1818 itu
576 1759 612 1817 at
629 1737 706 1818 reiicit
727 1755 831 1834 obstat,
854 1755 1014 1836 quominus
1032 1759 1130 1818 arton
1144 1759 1225 1834 pot-

124 1868 226 1941 ticam,
250 1883 339 1945 paam
360 1865 613 1938 dicenturnam
635 1863 714 1927 iibri
726 1865 850 1927 secundi
869 1851 1027 1944 motulam
1049 1862 1225 1926 babeamus.

124 1973 264 2035 Ceterum
300 1973 379 2036 idem
414 1959 569 2036 Horatium
595 1972 627 2034 id
648 1971 788 2035 voluisse·
804 1971 984 2048 arbitratur,
1011 1977 1131 2033 utnon
1161 1975 1223 2032 tam

125 2087 250 2142 occaect
268 2079 411 2143 Pisonem
429 2081 584 2155 irrocnem,
602 2063 757 2141 scribendi
787 2079 940 2160 cupidum,
977 2077 1017 2142 ob
1037 2077 1149 2158 impeta
1170 2093 1228 2140 auo

126 2177 296 2268 sequendo,
331 2205 422 2268 quom
441 2187 604 2268 'mperainm
633 2185 774 2262 romuli,
796 2185 879 2267 qaod
894 2185 928 2248 tn
944 2185 1177 2276 peruersitatem
1198 2191 1228 2246 et

125 2296 330 2359 ammoneo
350 2296 489 2375 oberat,
520 2297 701 2376 castiporct,
724 2295 769 2358 ito
798 2297 850 2374 at,
880 2313 959 2376 mooe
982 2290 1125 2386 acerbius·
1154 2303 1226 2357 sant

124 2404 226 2479 dioto,
258 2418 297 2466 eo
316 2403 487 2483 ioprooos
509 2419 585 2465 suae
612 2402 726 2466 aetatis
742 2407 853 2482 poc'tos
873 2403 1061 2482 praedicato
1075 2403 1225 2475 voluerim

126 2503 208 2594 puae
227 2527 303 2574 aero
323 2499 498 2578 demendae
515 2519 707 2592 paternoque
725 2492 793 2593 fere
805 2529 882 2574 cotra
898 2517 927 2573 et
946 2511 1226 2602 solticitudinem-

123 2621 212 2698 πίω,
235 2619 312 2681 boec
331 2619 372 2682 od
404 2618 541 2682 Pisonem
561 2617 704 2681 moenere
720 2617 916 2682 crudiatuum
938 2619 1223 2700 debortondmnpae,

122 2743 163 2789 oe
182 2732 274 2789 aceto
293 2725 493 2790 multitudinis
509 2725 672 2788 absorberi
682 2709 727 2788 ¹sc
746 2728 869 2805 sineret,
891 2728 1038 2808 epistotae
1064 2745 1141 2790 suae
1163 2745 1224 2808 op-

122 2833 271 2916 posuerit.
314 2833 453 2914 &ouban
488 2833 620 2896 Garoias
641 2829 862 2912 Possooiasip,
896 2833 934 2897 de
952 2813 1080 2898 'Horatii
1102 2837 1162 2897 vita
1175 2847 1180 2858 ·
1193 2838 1223 2897 et

124 2945 260 3009 moribus
282 2933 478 3007 inlustrardis
509 2925 726 3007 meritissimus.
781 2941 848 3020 Qui,
880 2921 950 3006 iicet
969 2943 1060 3006 'huius
1074 2943 1225 3006 ‘carminis

127 3053 326 3132 dispositione
349 3057 383 3114 et
401 3052 567 3132 scriptione
593 3051 740 3134 epistolae
769 3051 899 3114 dormam
929 3050 1058 3116 indicari
1086 3045 1226 3131 iuuatur,

131 3173 153 3220 a
173 3159 279 3221 cerens
297 3166 400 3223 tamen
420 3158 451 3221 ei
470 3159 611 3240 cognatis
633 3157 770 3240 epistolis
789 3158 820 3220 id
837 3157 956 3222 excludi
974 3159 1046 3238 vult,
1064 3172 1153 3240 qnam
1168 3177 1224 3244 pro

128 3265 255 3332 oonsilio
269 3274 354 3332 extra
370 3267 516 3349 epistotae
530 3269 606 3330 fines
623 3271 723 3349 posito
741 3285 863 3330 carmen
878 3265 1059 3331 didacticum
1074 3270 1122 3349 sit,
1142 3270 1223 3350 quod

128 3369 271 3457 temp'oris
290 3376 473 3440 condicioni
488 3377 754 3455 accommodatum,
774 3377 915 3458 primaria
936 3378 1028 3440 totius
1049 3379 1122 3442 artis
1144 3383 1229 3461 poi-·

126 3485 207 3547 ticae
230 3485 326 3565 capite
348 3487 512 3549 contineat.
555 3485 618 3550 Neo
637 3503 712 3550 vero
734 3483 1084 3571 gratam'nagligentiam
1100 3469 1223 3566 obstare

126 3651 251 3663 *a
257 3657 401 3671 ’,ῃ

181 3737 206 3806 1)
227 3735 297 3800 Quos
318 3735 448 3792 Streoder.
470 3731 488 3786 i.
508 3735 545 3798 1.,
567 3735 588 3786 si
609 3733 733 3823 Orelliam
753 3742 779 3785 et
797 3734 892 3787 betium
917 3736 961 3807 (de
982 3737 1043 3790 Hor.
1062 3739 1095 3790 ad
1116 3738 1222 3791 Pisones

223 3831 342 3898 epistoin.
363 3831 465 3892 betisi.
483 3827 570 3900 1838.)
590 3829 735 3898 exceperis,
752 3830 845 3883 omisit.

182 3937 209 4006 2)
230 3935 366 3987 Grundriss
378 3933 506 3986 derbem.
519 3934 655 3986 Litterutur·
667 3948 718 3984 von
730 3933 759 3986 G.
771 3933 929 4001 Bembardy.
951 3933 1022 3988 dialis
1037 3934 1112 3988 1830.
1123 3952 1147 4003 p.
1160 3934 1220 3988 239,

180 4041 209 4106 3)
226 4039 342 4106 Epistola
364 4039 395 4089 ad
414 4039 539 4102 Pisones,
557 4054 603 4090 seo
623 4039 672 4090 Ars
692 4039 806 4102 Poetica,
828 4054 894 4108 quae
912 4039 1011 4092 dicitnr.
1031 4040 1221 4092 Gornnrentatio

227 4133 382 4186 academica.
403 4131 509 4184 Londini
531 4133 670 4184 Gotbournr
694 4131 769 4184 ¹833.
791 4147 815 4200 p.
835 4135 853 4184 ti
871 4149 927 4199 sqq.

176 4239 206 4310 4)
226 4237 252 4288 1,.
274 4236 291 4286 Ι.
313 4253 336 4303 p.
360 4237 409 4288 132
432 4251 489 4305 sqq.
