2976 4986
540 361 759 440 ..ι-13...

100 557 244 638 firmatas
262 559 297 631 ²).
342 551 427 626 Ouiae
451 549 520 612 licet
545 550 633 611 etiarn
659 548 782 630 reliquis
813 543 966 610 ueteribus
996 545 1201 628 grammaticis

107 685 166 728 sino
202 660 347 725 Cbcriso'o
379 665 507 738 excepto
521 664 557 736 2)
589 663 677 739 atque
708 653 878 718 scholiastis
909 653 1072 736 probetur,
1102 657 1203 736 plures

109 781 205 836 tanen
226 773 284 833 uiri
308 767 390 832 docti
425 785 492 830 earn
523 783 585 829 non
616 767 780 848 genuinam
800 781 869 827 esse
891 761 1031 839 viderunt
1045 768 1081 845 ³).
1138 765 1203 838 Qua

110 881 147 943 de
167 879 284 960 re'ipse
308 875 347 938 iis
369 874 532 955 adsentior,
551 873 601 958 qui
622 881 742 938 veteres
762 873 975 956 grammaticos
991 873 1070 935 burne
1088 873 1206 953 episto·

110 990 181 1067 iarn,
203 987 234 1048 in
257 1003 315 1068 qua
336 983 426 1047 malta
451 983 523 1047 artis
546 983 687 1066 poeticae
706 990 867 1065 praecepta
888 982 1068 1059 invenirent,
1089 989 1206 1042 mature
1315 1027 1317 1032 ,

110 1105 252 1175 tanquan
275 1109 338 1156 rem
360 1095 560 1174 gratissimam
577 1094 737 1174 separatim
761 1089 947 1154 tractandam
968 1090 1025 1152 sibi
1043 1092 1206 1170 sumpsisse

109 1211 206 1286 atque
235 1219 273 1265 ex
296 1209 494 1284 argatnrento,
515 1199 596 1282 quod
628 1199 685 1262 sibi
713 1197 878 1277 videretur,
901 1197 1016 1266 Artem
1036 1199 1208 1266 Postumo

113 1310 305 1389 inscripsisse
323 1309 518 1370 contendunt.
562 1305 748 1388 Itaqueiam
774 1301 957 1384 Vostrum:
989 1303 1136 1384 Fallitur,
1157 1307 1209 1368 in·

114 1420 193 1499 quit,
217 1417 369 1498 decimor,
401 1433 492 1496 quum
513 1411 692 1500 ἐπιγραφήν
711 1421 801 1494 porat
820 1429 888 1476 esse
918 1413 958 1475 od
988 1411 1137 1493 Horatio,
1160 1413 1211 1495 psci

114 1525 314 1605 inscripserat
340 1525 527 1610 Epistulam
552 1527 597 1591 od
616 1525 766 1592 Pisones.
818 1522 1032 1604 Aspaneatom
1059 1539 1153 1600 vero,
1177 1515 1211 1585 til
1257 1589 1263 1592 .

111 1633 145 1693 ἐπ
164 1633 361 1712 epistolarum
390 1632 521 1706 ceteris,
555 1629 599 1693 ito
630 1623 664 1692 ia
690 1630 861 1714 ineptiora
882 1630 921 1693 ob
945 1631 1015 1692 otiis
1039 1628 1213 1710 appositum

110 1739 178 1819 suit.
223 1738 309 1802 Unde
343 1738 421 1800 hacc
450 1735 576 1819 epistola
611 1738 641 1799 in
671 1738 809 1800 omnibus
831 1739 896 1800 fere
916 1739 1073 1803 codicibus
1094 1743 1210 1803 veteri*-

105 1846 228 1930 busqne
253 1847 434 1910 editionibus
460 1853 600 1927 separata
628 1847 798 1926 invenitur,
829 1847 870 1910 ita
895 1855 926 1910 ut
948 1846 977 1910 ei
1000 1847 1099 1927 idem,
1127 1847 1209 1932 quod

107 1957 232 2020 Somnio
255 1954 405 2036 Scipionis
434 1953 633 2017 eCiceronis
666 1973 759 2036 opere
793 1951 831 2016 de
864 1973 898 2018 re
922 1957 1040 2036 publica
1064 1965 1209 2040 expcrpto

108 2073 143 2127 et
165 2083 182 2128 a
202 2065 356 2128 Macrobio
380 2063 549 2142 inlustrato,
573 2063 728 2126 acciderit.
772 2065 889 2138 Quodsi
904 2065 1044 2127 Horatius
1069 2063 1133 2146 ipse
1154 2065 1214 2128 hoc

107 2191 233 2235 cannen
272 2173 356 2236 titulo
388 2178 546 2251 ornasset,
586 2190 654 2235 eurn
689 2173 877 2259 Epistulam
913 2177 958 2239 od
992 2173 1132 2240 Pisones
1162 2173 1213 2235 vei

106 2281 260 2344 breuiter:
284 2279 337 2346 Ao
354 2259 492 2346 Rastros
512 2278 542 2342 id
559 2282 749 2360 inscripsisse
768 2281 924 2361 probabile
937 2287 992 2342 est.
1036 2280 1109 2359 Sed,
1125 2294 1215 2362 qurum

108 2381 232 2455 ueteres
256 2386 390 2468 epistolis
421 2387 597 2467 praesertim
620 2389 850 2468 inscriptiones,
882 2404 960 2469 quae
983 2386 1021 2451 ad
1045 2405 1212 2470 anguinea·

107 2497 380 2577 tumpentnerent
427 2512 617 2578 praeponere
636 2513 698 2560 nun
721 2498 865 2577 scierant,
887 2515 947 2580 ego
970 2515 1009 2559 ne
1032 2498 1119 2560 huius
1140 2500 1212 2578 qui-

107 2606 180 2667 denr
203 2604 351 2685 epistolae
372 2600 501 2665 indicaui
525 2605 563 2666 ub
599 2604 725 2668 Horatio
748 2607 815 2688 ipso
846 2605 1012 2687 proiectum
1035 2621 1104 2668 esse
1126 2607 1213 2669 arbi·

110 2719 185 2776 tror.
230 2708 292 2773 iarn
313 2726 387 2772 vero
408 2713 581 2792 quaeritur,
603 2727 660 2792 rma
683 2731 717 2774 re
734 2723 888 2793 pennotus
909 2713 947 2777 ad
969 2715 1093 2778 Pisones
1115 2717 1212 2796 potis-

107 2823 215 2884 sisnurn
245 2818 388 2880 Horatius
409 2817 486 2882 baruc
509 2820 664 2899 epistolam
687 2821 850 2902 scripserit.
897 2823 988 2898 buon
1013 2841 1073 2907 quo
1103 2825 1210 2886 meiius

110 2926 327 3005 perspiciatur,
362 2924 414 3004 qui
447 2923 559 2986 fuerint
594 2923 625 2986 hi
662 2925 788 2988 Pisones
823 2934 853 2989 et
885 2947 942 3010 quia
968 2931 1209 2995 necessitudine

114 3036 232 3111 poetam
249 3033 409 3114 attigerint,
426 3033 590 3096 videndum
603 3039 658 3096 est
697 3034 729 3096 L.
744 3035 933 3117 Calpurniani
946 3037 1083 3127 iffisonem
1103 3042 1208 3121 inisse,

115 3155 240 3219 quocum
264 3137 404 3204 Horatius
432 3137 662 3203 familiarissimo
685 3143 812 3222 vixerit,
836 3137 968 3207 Oreitics
985 3152 1015 3224 ὅ)
1047 3157 1077 3211 et
1095 3150 1207 3212 'Strou-

111 3245 238 3328 derus⁶)
259 3249 466 3329 ostenderunt,
489 3249 571 3330 quod
593 3247 805 3331 familiaritate,
829 3271 886 3334 qna
909 3253 957 3318 bio
968 3256 1037 3320 Piso
1060 3277 1126 3320 curn
1138 3260 1204 3322 An-

160 3522 186 3594 i)
208 3521 295 3586 Quint.
314 3521 381 3589 titt,
401 3523 428 3589 3,
449 3523 492 3578 60.
523 3523 617 3591 symm.
640 3541 699 3595 epp.
718 3523 738 3590 1,
757 3521 782 3578 4.
808 3525 930 3580 Priscian.
950 3541 975 3597 p.
1000 3525 1075 3583 indu.
1091 3531 1119 3585 P.

156 3624 557 3697 mmpmmn

155 3728 185 3799 d)
204 3729 334 3783 Streuber.
354 3749 379 3802 p.
391 3733 472 3802 3sqq.
495 3733 534 3787 Oi.
546 3735 622 3786 Henr.
648 3735 770 3804 Stephani
791 3735 899 3818 diatriba
919 3737 951 3790 de
967 3735 1047 3790 titulis
1066 3744 1093 3792 et
1112 3738 1202 3794 ordina

106 3871 109 3878 .
205 3823 328 3880 librorum
346 3827 442 3880 Horatii
461 3845 486 3897 p.
506 3829 549 3881 32.

155 3928 183 3997 t)
205 3927 286 3981 instit.
306 3931 403 3984 Poetis.
423 3949 448 4000 p.
469 3937 491 3984 1.

155 4031 183 4103 5)
204 4031 233 4096 Q.
254 4031 322 4085 iios«
341 4035 457 4090 Fiaccus.
494 4039 635 4093 Recensuit
659 4037 695 4094 lo.
718 4039 793 4110 Cesp.
813 4035 934 4096 Orellius·
965 4037 1048 4096 turici
1072 4041 1148 4096 18³8.
1169 4043 1200 4098 11.

203 4141 228 4193 p.
250 4125 303 4178 568
320 4145 375 4198 sqq.

153 4227 182 4303 b)
201 4229 228 4282 P.
247 4229 282 4282 83
303 4249 359 4301 sqq.
