2976 4986
790 979 826 1070 Ι.

344 1233 423 1294 Vere
454 1237 598 1311 recteque
622 1229 765 1292 Gccttim
787 1235 894 1290 noster
914 1235 954 1307 ¹)·:
976 1227 1043 1291 Boc
1064 1245 1161 1309 opusc,
1183 1231 1297 1310 inquit,
1317 1225 1360 1290 cd

261 1339 477 1420 explicandam
500 1333 621 1419 dissime
652 1337 691 1400 ab
719 1337 790 1400 aliis
816 1336 906 1397 aliter
938 1340 967 1396 et
1000 1335 1113 1398 dedum
1136 1353 1255 1417 quoque
1274 1353 1357 1399 anuo

260 1453 299 1515 ab
321 1451 423 1510 eodem
447 1448 537 1510 aliter
564 1447 754 1526 iutellipetur.
799 1446 864 1508 Nec
885 1464 959 1508 cero
982 1453 1093 1509 leuem
1113 1447 1154 1508 od
1172 1445 1359 1507 scholiasta-o

259 1574 327 1623 rum
348 1558 525 1620 effluentiam
544 1564 751 1628 revertemur,
772 1558 823 1633 qui
848 1557 923 1618 nibil
944 1555 1039 1630 aliud,
1065 1556 1126 1618 aiei
1146 1554 1294 1633 abruptos
1318 1574 1357 1616 uc

260 1666 426 1743 dissipatos
446 1665 485 1726 de
507 1670 574 1726 arte
593 1665 716 1743 poetica
739 1671 768 1724 ct
787 1665 824 1726 cle
854 1663 1040 1728 necessariis
1058 1668 1170 1743 poeitae
1191 1665 1357 1726 uirtutibus

260 1773 490 1840 observationes
514 1771 630 1851 absque
663 1771 809 1834 interiore
831 1772 952 1834 obtato
974 1771 1094 1851 positas
1114 1772 1147 1834 in
1172 1791 1208 1834 co
1229 1774 1356 1836 bueru-

258 1889 337 1950 ruot.
382 1881 480 1960 Atque
501 1883 592 1944 inulto
614 1879 704 1943 etium
728 1880 827 1944 minus
851 1879 908 1942 boc
927 1899 1050 1943 cormaco
1075 1882 1204 1944 satiram
1232 1882 1264 1942 iu
1289 1881 1356 1944 llo-

256 2010 416 2054 mauorum
442 1991 567 2072 [obulos
599 1989 761 2054 scaenicos
789 1987 936 2070 scriptum
964 1987 1149 2052 habebimus.
1194 1990 1293 2064 Quare
1313 1975 1356 2052 ad

257 2101 414 2163 meliorem
438 2099 523 2162 liuius
550 2099 651 2179 operis
673 2098 876 2180 cognitionem
915 2075 1140 2186 obsequendam
1173 2098 1357 2161 scholiasta·

256 2228 322 2272 rum
350 2215 542 2286 veterumque
572 2207 836 2286 grammaticorum
867 2203 1058 2285 opinionibus
1091 2208 1211 2269 omissis
1242 2207 1357 2270 Horatii

257 2317 351 2381 verba
372 2317 435 2398 ipsa
457 2317 672 2396 investigemus
695 2321 725 2376 et
747 2297 961 2375 sententiarum
982 2315 1119 2376 ordinem
1140 2333 1357 2396 persequamur

256 2431 386 2507 oportet.
430 2419 517 2498 Quod
538 2424 564 2484 si
589 2422 734 2485 iecissent
754 2422 949 2502 interpretes,
973 2439 1035 2484 non
1057 2421 1116 2484 huc
1144 2423 1213 2486 illuc
1236 2443 1356 2505 vagan-

256 2539 303 2598 tes
324 2535 356 2598 in
388 2534 556 2596 contrarias
588 2529 735 2593 deduius
761 2529 901 2592 carminis
925 2530 1142 2610 inscriptione,
1176 2535 1303 2596 consilio
1325 2543 1356 2596 et

258 2649 435 2723 argumento
468 2619 633 2705 sententias
661 2636 883 2700 discessissent.
928 2637 1012 2712 Quae
1036 2657 1123 2718 quum
1146 2643 1354 2720 nupenimca

257 2750 422 2814 Stmtcbero
442 2739 474 2827 ²)'
500 2761 609 2830 magna
650 2761 717 2808 cum
748 2745 903 2828 diligentia
932 2727 1100 2826 congestae
1137 2754 1167 2809 et
1196 2749 1353 2810 maxiluam

257 2867 372 2942 partem
390 2857 469 2920 benc
489 2857 549 2920 sint
570 2854 728 2935 refutatae,
747 2854 888 2934 eandem
909 2854 988 2916 banc
1010 2854 1218 2934 disputationis
1237 2863 1352 2938 partem

258 2970 363 3049 paucis
385 2966 549 3030 absolvam.

343 3075 471 3136 Primum
495 3045 585 3153 igituir
609 3067 647 3132 de
672 3072 891 3153 biscrlptionc
913 3069 970 3130 viri
993 3069 1074 3134 docti
1095 3089 1280 3154 magnopere
1302 3073 1352 3134 in-

259 3184 306 3242 ter
334 3196 368 3242 sc
399 3177 584 3242 dissentiunt.
628 3172 796 3236 Puerooius
811 3178 841 3252 ³)
872 3175 952 3238 enirn
981 3175 1069 3240 dicit:
1101 3179 1265 3260 Inscriptio
1292 3199 1354 3242 aoo

259 3288 372 3365 uarius,
392 3305 482 3366 quam
506 3283 663 3348 consilium
685 3281 777 3342 dubio
798 3289 862 3356 est,
883 3299 1066 3364 cumbum,
1094 3305 1174 3366 quae
1192 3290 1281 3370 ordpo
1301 3291 1355 3358 De

259 3396 343 3464 Arte
365 3396 503 3464 Publica
520 3393 622 3474 [eaba
642 3388 823 3468 inscriptio,
850 3388 900 3450 cui
921 3389 952 3450 iu
975 3391 1131 3474 plerisque
1152 3396 1306 3460 codicibus
1325 3405 1356 3462 et

255 3504 412 3596 pateribus
433 3500 612 3565 editionibus
635 3498 757 3560 titulus:
780 3496 954 3565 Liberaui
974 3500 1130 3588 Epistola
1149 3508 1193 3572 ud
1213 3506 1353 3592 Pisones

259 3611 391 3687 aduitus,
416 3608 604 3685 Quintiliani,
625 3603 795 3684 Spmnzacbi
810 3610 839 3664 ct
850 3603 1003 3670 Prisciani
1023 3610 1253 3674 auctoritatibus
1276 3631 1353 3674 cou-

317 3837 389 3908 1J1n
410 3849 470 3902 opp.
492 3843 509 3886 t.
528 3835 616 3889 xxxi.
636 3854 661 3907 p.
683 3841 743 3894 aab.

314 3942 342 4010 2>
359 3941 398 3993 lle
424 3939 454 4006 Q.
483 3940 579 3992 llcratii
599 3942 685 3998 Flacci
714 3947 746 3997 ad
765 3945 872 4000 Pisones
890 3946 1014 4016 Epistola.
1044 3949 1152 4018 Scripsit
1171 3950 1236 4003 Guil.
1256 3952 1352 4006 Theod.

359 4035 488 4086 Streubcr.
507 4035 572 4087 Phil.
590 4036 633 4088 Dr.
653 4038 771 4092 Basileao
791 4040 866 4093 1839.

311 4140 338 4212 b)
358 4141 410 4191 lles
422 4139 452 4203 Q.
468 4140 526 4191 llcr.
542 4141 651 4194 Flaccus
669 4143 796 4210 rupissem,
814 4145 1028 4213 hornungegeben
1048 4163 1098 4198 von
1111 4149 1153 4200 [ir.
1167 4150 1224 4201 i'arl
1238 4153 1352 4204 Passnw.

359 4237 459 4302 Lipsiae
481 4235 555 4286 1833.
575 4253 599 4304 p.
625 4237 681 4290 1³9.
