2976 4986
560 291 807 392 423,-

218 505 391 577 Horeta'us-
411 511 513 592 tpitur
535 512 648 574 stuttm
669 507 711 576 nb
731 511 826 576 initio
847 505 1012 590 epistolae
1031 513 1153 592 peetus
1171 529 1230 575 re-

132 618 320 704 pretendit,
344 619 430 703 quod
455 617 687 704 maneatque
709 621 848 683 camini
867 619 1094 684 necessarlum
1114 624 1229 698 ortem,

129 742 199 810 qua
216 724 363 808 simplos
383 731 416 790 et
438 742 532 790 unm
545 730 603 800 stt,
625 729 783 807 spuerent,
806 723 892 808 quod
911 728 1014 792 tutan
1034 742 1230 864 componere

131 835 298 898 nesciant
321 839 431 909 (usque
454 830 548 891 adv.
563 829 630 906 37.)

220 935 402 1016 Videamus,
424 936 577 1017 quomodo
608 937 699 1016 potita
732 934 813 998 bane
838 936 1017 1002 sententiam
1039 903 1232 1017 pertexuerit.

132 1042 210 1106 ln
201 1060 268 1122 rpso
305 1046 446 1108 carminis
479 1044 610 1108 exordio
643 1045 784 1108 Horatius
815 1062 878 1108 non
910 1046 977 1108 sine
1000 1045 1111 1108 acerba
1134 1045 1233 1108 ironia

127 1157 361 1216 ‘monstruosam
382 1153 471 1216 nobis
496 1153 632 1235 depingit
653 1154 835 1234 imaginem,
861 1154 946 1216 cuitus
968 1153 1109 1216 diversae
1129 1159 1231 1232 partes

136 1257 259 1322 omnino
288 1259 350 1322 sibi
377 1267 565 1341 repugnant3
595 1261 643 1324 cui
674 1261 803 1326 maxime
827 1259 956 1322 deformi
980 1269 1016 1322 'ac
1040 1259 1232 1340 turpissimae

136 1369 272 1448 picturae
295 1371 406 1448 poema
428 1374 602 1448 comparat,
628 1369 713 1440 cuius
735 1369 855 1448 ineptae
877 1353 1073 1446 sententiae,
1094 1375 1236 1447 tanquam

134 1476 256 1556 ¹aegroti
272 1493 351 1538 vana
375 1475 547 1553 somnia1),
570 1481 630 1538 tem
651 1475 729 1537 male
750 1475 830 1538 inter
852 1491 887 1538 se
909 1474 1095 1553 cohaerent,
1115 1481 1148 1536 ut
1163 1473 1236 1536 linis

140 1581 227 1644 initio
249 1584 369 1649 minime
390 1583 584 1666 respondeat.
627 1584 659 1648 Si
691 1585 758 1664 quis
784 1583 891 1662 vobis,
922 1583 1069 1661 Pisones,
1095 1582 1237 1644 Horatius

135 1690 241 1772 inquit,
263 1698 334 1754 ante
353 1691 462 1764 ocrdos
484 1699 579 1772 ponet
598 1692 759 1773 imaginem
782 1708 800 1752 e
822 1691 1094 1754 diversissimorum
1116 1690 1236 1752 aninm-

134 1794 209 1860 lium
229 1797 362 1879 partibus
383 1799 592 1880 compositum,
618 1799 659 1862 ita
681 1805 714 1862 ut
737 1797 892 1861 formosae
913 1799 1041 1881 virginis
1054 1798 1237 1864 babentes-

130 1910 198 1985 put,
220 1905 289 1988 equi
310 1907 462 1982 cervicem
483 1913 514 1968 et
535 1905 651 1986 reliqua
672 1906 799 1971 aliorum
821 1906 992 1970 animalium
1013 1906 1147 1968 membre
1175 1923 1237 1967 va-

134 2013 189 2074 riis
210 2011 316 2092 plumis
338 2012 469 2078 obducta
499 2019 588 2094 atque
620 2014 679 2078 ima
708 2020 794 2094 perte
815 2014 848 2076 in
869 2021 985 2096 turpem
1001 2020 1029 2093 2)
1060 2020 1150 2076 exeat
1170 2014 1237 2094 pis-

137 2136 225 2182 cem:
258 2119 399 2200 numprid
429 2138 496 2182 eam
530 2120 686 2186 ridiculam
716 2137 785 2182 esse
816 2122 964 2202 negetis?
995 2121 1071 2184 Huic
1105 2119 1234 2182 ridiculo

140 2233 278 2290 monstro
300 2227 479 2290 simillimum
501 2229 560 2290 erit
586 2232 719 2308 poema,
754 2229 839 2294 euius
868 2230 972 2292 inania
1000 2229 1143 2310 figmenta
1172 2234 1232 2289 teter

134 2351 241 2416 parum
270 2334 350 2396 iuter
380 2352 414 2396 se
443 2337 643 2412 conveniunt,
673 2342 705 2401 ut
734 2337 912 2416 principium
939 2336 990 2400 Hni
1022 2337 1146 2398 omnino
1177 2353 1233 2398 re-

133 2446 257 2522 pugnet.
308 2439 434 2504 Horatio
464 2440 541 2504 haec
573 2443 718 2504 scribenti
739 2442 874 2504 Platonis
906 2444 1006 2508 locum
1038 2446 1069 2506 in
1091 2443 1231 2506 Pboedro

133 2567 162 2632 p.
176 2548 246 2618 964.
263 2548 295 2610 C.
317 2548 510 2612 obversatum
526 2565 672 2626 essenon
686 2549 809 2612 omnino
823 2551 931 2631 negari
945 2557 1056 2631 potest.
1098 2551 1151 2626 His
1174 2552 1238 2630 igi-

137 2662 186 2718 tur
208 2653 310 2718 verbis
340 2654 539 2738 inaequalitas
558 2657 729 2736 ¹argmnenti
752 2656 958 2738 vituperatur,
980 2657 1061 2737 quod
1083 2658 1239 2738 composi-

135 2763 227 2828 tionis
249 2763 352 2826 vitium
372 2749 501 2849 Romani
526 2764 691 2844 scriptores
714 2763 835 2826 licentia
866 2766 988 2845 politice
1013 2747 1160 2830 excusare
1181 2781 1238 2828 so·-

137 2870 250 2932 lebant.
293 2869 595 2948 attrectemus,
629 2869 770 2934 Horatius
799 2869 918 2952 pergit,
943 2889 1032 2952 quam
1055 2887 1116 2934 non
1140 2873 1236 2936 solum

66 2977 73 2988 '
142 2977 207 3040 aliis
229 2977 437 3057 concedimus,
459 2977 515 3040 sed
536 2978 624 3040 nobis
649 2995 768 3059 quoque
791 2979 990 3058 vindicamus,
1014 2981 1105 3044 certis
1126 2979 1235 3043 linibus

144 3084 440 3164 circumscribendo,
464 3103 563 3166 neque
583 3091 666 3148 tanta
687 3092 734 3147 cst
747 3131 764 3164 ,Ι
780 3091 823 3165 ut,
845 3103 922 3172 quae
942 3094 1048 3153 natura
1067 3088 1125 3156 sibi
1144 3107 1236 3169 repu-

138 3243 405 3254 —n-a-.—--—-=-

194 3326 220 3397 l)
239 3325 278 3378 Cf.
297 3326 368 3378 Pers.
389 3327 441 3380 Sat
462 3326 507 3389 lll,
526 3325 569 3380 83.
591 3327 646 3380 lut.
667 3327 711 3392 lx,
731 3325 772 3378 16.

191 3428 401 3500 muceranus
427 3432 454 3482 ιι
481 3431 711 3484 emorrannum,
737 3430 882 3484 troianum
901 3429 993 3502 (1838)
1024 3445 1049 3480 v.
1072 3417 1111 3482 a'
1127 3431 1234 3500 compa

241 3524 350 3592 turpiter
367 3526 464 3580 hirtum
485 3540 636 3594 comparens
653 3525 719 3592 Epp.
739 3523 868 3588 1‚3‚22.,
889 3539 964 3590 quom
984 3522 1122 3583 lectionem
1137 3527 1189 3580 iam
1207 3527 1234 3586 in

238 3625 329 3670 vetere
348 3622 461 3672 editione
479 3623 586 3676 invenit.
615 3621 689 3688 Quae
710 3636 787 3687 quum
817 3629 905 3672 nostro
927 3619 986 3672 loco
1005 3621 1109 3672 minime
1135 3637 1240 3674 eonve-

237 3714 301 3778 niat,
318 3715 415 3781 optimo
434 3715 491 3764 iure
509 3713 616 3765 Jalrnius
635 3715 661 3763 in
678 3712 758 3764 Novis
775 3711 918 3764 Annalibus
938 3720 956 3762 t.
970 3713 1045 3764 XXV.
1064 3727 1089 3778 p.
1102 3701 1167 3765 ⁶350.
1186 3728 1233 3765 co·

236 3808 321 3860 dicum
339 3811 492 3875 scripturam
512 3809 641 3870 defendit,
663 3807 730 3860 bene
744 3823 862 3871 monens,
880 3807 1013 3858 mulierem
1032 3806 1170 3858 formosam
1187 3823 1233 3859 su·

235 3919 317 3981 perne
337 3913 363 3956 et
382 3907 481 3972 piscem
499 3907 607 3972 turpiter
627 3913 718 3968 etrum,
740 3906 766 3956 in
779 3919 856 3973 quem
869 3904 979 3967 desinat,
998 3901 1047 3954 sibi
1066 3902 1232 3968 respondere.

233 4001 395 4056 Vocabulum
407 4009 466 4054 uter
484 4017 597 4054 ererum
613 4002 824 4070 naturapetitum
844 4007 893 4065 eet,
910 4015 989 4068 quum
1008 3997 1127 4066 permulti
1145 3997 1232 4066 pisces

234 4096 262 4148 iu
276 4097 359 4172 dorso·
372 4105 399 4148 et
416 4097 498 4148 cauda
518 4099 565 4148 atri
585 4103 733 4164 appareant
768 4095 890 4164 'domitor'
907 4095 986 4162 igitur
1003 4093 1233 4146 deionnitatisno-

236 4190 335 4248 tionem
353 4198 441 4264 auget.
472 4188 512 4245 ct
535 4185 567 4246 C.
586 4189 840 4264 &lucubationem
859 4203 903 4256 ep.
921 4203 947 4256 p.
968 4189 1010 4241 tt.
