2976 4986
565 323 809 405 -ucst-

138 520 233 582 tubae
253 533 360 584 sonum
381 524 566 602 aemulatum,
589 524 678 602 olim,
702 527 838 607 quemuis
857 517 939 588 ten'ui
962 515 1094 590 sancet
1113 522 1238 610 simplex

140 635 244 707 esset,
267 633 386 706 minen,
404 630 545 710 quamdiu
567 631 833 712 populusparvut,
852 631 1042 711 moderatis,
1062 631 1188 716 pudicus
1209 638 1240 697 et

138 735 289 800 honestus
307 745 385 819 erat,
408 739 504 802 choro
518 739 689 804 adiuvando
711 731 766 802 luit
782 747 850 821 epte
874 748 962 822 atque
986 740 1058 806 datu
1072 756 1127 804 suo
1147 737 1239 805 theat

140 851 219 906 trum
237 845 344 924 paucis
367 853 406 908 et
432 848 578 912 modestis
599 848 819 928 spectatoribus
849 849 991 912 refertum
1022 849 1111 912 iucile
1131 839 1240 931 imple·-¹

142 954 194 1014 vit.
212 959 237 1030 ¹)
288 953 447 1027 Quomodo
479 956 560 1018 enim
592 955 724 1036 undique
754 956 880 1022 contusa
909 957 1062 1021 hominum
1091 950 1177 1021 turba
1210 963 1241 1022 et

145 1059 277 1139 imperiti
306 1065 412 1125 rustici
443 1081 461 1126 a
488 1061 642 1128 laboribus
669 1064 758 1126 uacui
790 1061 856 1127 euin
880 1059 1023 1144 urbanis,
1049 1043 1149 1138 mdes
1173 1085 1241 1131 cum

143 1166 288 1248 carduis,
310 1168 460 1251 ignobiles
482 1169 635 1232 nobilibus
656 1170 795 1251 permixti
818 1170 857 1232 de
881 1170 939 1234 hac
964 1189 999 1233 re
1028 1173 1242 1255 iudicareque

144 1278 328 1357 buemnttq
370 1278 566 1360 Posteaquam
579 1273 678 1342 autem
699 1280 826 1360 populus
844 1273 999 1342 ‘Romanus
1019 1280 1117 1344 multis
1140 1284 1241 1345 victo-

143 1387 198 1448 riis
218 1385 379 1468 reportatis
402 1391 493 1465 atque
513 1385 631 1466 imperii
661 1386 769 1450 linibus
788 1387 914 1468 prolatis
935 1388 1068 1450 mollitiei
1097 1396 1126 1451 ei
1148 1371 1240 1454 luru-

146 1495 210 1555 ria'e
238 1508 272 1556 se
305 1493 419 1557 dedere
451 1494 597 1574 festisque
626 1495 750 1574 diebus,
782 1513 870 1576 quum
895 1496 1025 1576 liceret,
1054 1485 1240 1578 tempestivis

146 1603 290 1666 conviviis
311 1601 469 1684 indulgere
491 1605 606 1684 coepit:
626 1610 687 1666 turn
709 1604 826 1668 demum
840 1593 1039 1668 ‘numerorum
1058 1597 1242 1669 modorum-

143 1729 200 1793 que
221 1715 321 1776 maior
348 1714 447 1784 extitit
467 1712 589 1775 licentia
612 1714 642 1774 et
668 1711 830 1776 liberiores
858 1715 975 1776 numeri
994 1707 1140 1776 ‘adhibiti
1158 1702 1240 1778 sunit

141 1821 244 1902 ltaque
274 1821 386 1884 tibicen
417 1823 512 1892 tibiae
540 1819 752 1884 foraminibus
766 1822 861 1884 auctis
891 1815 1037 1903 pristinae
1059 1822 1242 1904 simplicitati

141 1925 370 1994 concitatiorem
405 1937 518 1994 motum
550 1937 581 1992 et
612 1930 797 1992 luxuriosam
828 1917 1081 2011 magnificentiam
1113 1931 1238 1995 addidit.

140 2037 207 2100 Pari
226 2038 318 2105 modo
347 2035 459 2100 lidicen
484 2051 604 2118 quoque
627 2038 728 2117 prisea
758 2036 945 2117 simplicitate
968 2025 1082 2100 relicta
1103 2021 1238 2102 'seueros

139 2147 224 2229 lyrae
247 2163 342 2210 sonos
362 2149 445 2212 auxit
468 2152 557 2227 atquo
581 2151 682 2226 pocta,
703 2138 735 2209 u't
753 2135 915 2209 liberiores
936 2139 1071 2209 musicae
1088 2154 1236 2214 *uulneres

139 2251 334 2339 sequeretur,
355 2258 441 2320 chori
462 2258 649 2334 orationem,
673 2252 750 2338 quae
768 2263 859 2318 antea
883 2255 1010 2336 simplex
1040 2261 1072 2317 et
1086 2255 1237 2320 modesta

140 2363 207 2444 luit,
224 2371 383 2445 tantopere
404 2365 581 2441 immutarit,
600 2371 633 2428 ut
654 2365 714 2424 iarn
733 2364 908 2444 praecipiti,
928 2365 1030 2425 inllatc
1053 2371 1084 2426 et
1103 2365 1236 2427 obscuro

138 2473 263 2536 dicendi
280 2487 396 2556 genere
417 2463 663 2551 nsussepienlcs
685 2476 716 2532 et
730 2469 870 2532 fatidicas
888 2469 1040 2551 proferret
1055 2471 1234 2550 sententias,

195 2761 222 2831 1)
241 2759 280 2812 Gi.
299 2759 419 2831 Eppmll,
439 2762 463 2826 1,
484 2760 534 2814 139
553 2776 610 2830 sqq.
717 2797 719 2800 -
764 2827 766 2837 Ι
1177 2821 1180 2831 1
1229 2829 1232 2836 .

187 2858 217 2929 2)
238 2855 358 2925 Plerique
376 2858 530 2926 interpretes
553 2857 586 2908 de
604 2857 788 2909 sententiarum
807 2855 897 2907 ordine
916 2863 942 2906 et
954 2851 1094 2923 progressu
1113 2853 1235 2907 hocloco

241 2966 275 3002 ne
294 2951 441 3018 cogitarunt
461 2952 582 3021 quidem:
607 2951 652 3005 alii
664 2937 773 3016 autem,
795 2953 854 3020 qui,
873 2950 1001 3020 quomodo
1021 2950 1047 3002 hi
1064 2965 1155 3001 versus
1173 2967 1243 3041 cum·

241 3044 454 3098 antecedentibus
473 3047 660 3122 cohaererent,
679 3063 708 3099 se
729 3063 781 3098 uon
805 3045 953 3114 intelligere
972 3044 1109 3110 viderunt,
1128 3062 1173 3096 eos
1192 3053 1237 3096 aut

241 3141 358 3205 eiicere,
384 3149 428 3193 aut
454 3150 623 3209 transponere
651 3137 798 3194 u'ulucruut.
835 3145 926 3209 ltaque
944 3139 1079 3192 Paldamuu
1104 3141 1131 3192 in
1152 3141 1242 3192 ialinil'

241 3236 334 3290 Annei.
347 3237 455 3290 ulixn.
466 3253 491 3305 p.
502 3220 563 3292 tec.
583 3223 628 3289 ecs
647 3239 749 3306 spurios
767 3252 827 3290 esse
845 3235 953 3288 statuit'
979 3236 1042 3298 liar,
1060 3236 1152 3303 inquit,
1171 3233 1242 3287 tuor·

242 3331 332 3386 labore
356 3334 456 3399 miuus,
477 3349 554 3401 quam
582 3343 720 3403 ocmrpotua
739 3335 843 3403 sopiat,
861 3348 915 3384 nen
938 3331 1063 3400 intelliqo.
1099 3330 1242 3400 Eng'eliuip

242 3427 285 3494 qui
315 3442 360 3480 eos
388 3429 438 3482 hoc
465 3428 524 3480 loco
550 3438 622 3492 recte
650 3427 774 3495 explicari
802 3442 880 3495 posue
910 3431 1007 3494 negat,
1037 3434 1101 3493 poet,
1120 3439 1149 3482 vt
1172 3427 1244 3486 itti!

243 3525 392 3590 transponit.
418 3525 592 3578 Veruntamen
612 3523 660 3576 hos
681 3537 870 3590 uersusneque
882 3520 1033 3585 eiiciendae,
1053 3535 1139 3590 neque
1151 3529 1237 3574 bau·

242 3618 376 3684 ponendos
396 3636 454 3673 csse
474 3595 551 3670 facilc
571 3620 746 3686 perspicitur,
767 3615 905 3667 dummodo
924 3615 956 3667 ad
975 3631 1023 3678 ea,
1042 3629 1152 3682 quorum
1172 3629 1237 3665 cau-

241 3727 296 3764 sam
323 3712 455 3776 indicant,
475 3711 627 3762 referantur.
665 3713 729 3764 Sunt
759 3712 838 3778 igitur
860 3727 918 3761 curn
937 3709 1045 3772 decem,
1064 3709 1108 3776 qui
1129 3721 1240 3774 praece-

240 3801 313 3868 dunt,
335 3803 454 3856 versibus
473 3802 663 3870 coniungendi3
685 3795 826 3856 ostendunt
841 3795 923 3880 renim,
945 3817 992 3852 cur
1011 3792 1110 3856 musica
1119 3800 1241 3854 scaenica

240 3913 294 3951 non
313 3900 386 3967 prius
403 3914 420 3950 ι
440 3899 528 3965 prisca
545 3897 591 3949 illa
606 3897 775 3966 simplicitate
793 3897 942 3959 desciverit,
960 3897 1037 3963 qua'm
1055 3911 1109 3966 quc
1125 3905 1243 3963 tempore
1347 3925 1350 3930 ·

240 3993 365 4064 populus,
385 3995 481 4063 quippe
501 3996 602 4063 magnis
621 3995 737 4046 victoriis
757 4001 860 4061 potens,
879 3990 966 4044 mollis
986 4001 1014 4043 et
1032 3991 1180 4044 luxuriosus
1200 3991 1243 4043 ia-

241 4097 321 4154 cum,
340 4089 396 4144 dier
424 4097 568 4160 noctesque
597 4091 728 4144 conuiuiis
754 4098 781 4142 et
809 4087 1051 4155 eenpouuonibm'
1070 4087 1186 4155 benigno
1209 4102 1239 4139 se

241 4191 353 4238 tractare
374 4185 512 4254 coepisset
960 4207 963 4214 ¹
