2976 4986
725 387 949 458 ..4-

292 583 383 662 gusto
407 583 437 644 et
456 577 578 642 liberio
610 577 788 642 coniunctos
808 582 896 654 erat,
914 573 1157 652 contemnat).
1198 575 1285 638 llunc
1310 581 1392 646 enim

293 689 432 750 Pisonem
471 687 583 750 eximio
620 687 744 768 ingenio
782 685 949 766 praeditum
977 690 1008 745 et
1041 682 1205 745 litterarum
1241 683 1389 748 lentorem

292 801 325 856 et
343 798 500 874 poetarum
527 800 683 873 pactionum
707 793 865 870 extitisse,
889 798 948 854 tum
979 791 1128 870 Antipatri
1157 794 1266 870 poetae
1290 793 1391 858 l'lres-

290 901 493 964 salonicensis
514 901 728 982 epigrammata
745 906 786 978 ²),
808 906 868 962 turn
889 897 1103 978 Porphyrionis
1122 898 1238 960 verba:
1259 899 1339 964 Nom
1357 909 1388 964 et

290 1009 360 1088 lpse
373 1007 444 1071 Piso
458 1013 553 1088 poc'to
570 1008 630 1089 snit
649 1014 679 1070 et
699 1007 868 1070 studiorum
887 1005 1057 1068 tiberalium
1071 1003 1215 1085 amora,
1229 1009 1302 1072 satis
1324 1009 1386 1072 de-

290 1117 417 1180 clarant.
460 1117 507 1180 lle
529 1116 596 1180 liliis
617 1124 715 1180 autem
738 1116 856 1178 Pisonis
878 1114 951 1177 nihil
973 1113 1053 1177 aliud
1076 1121 1160 1178 certo
1182 1115 1306 1196 aciones,
1326 1117 1389 1184 nisi

290 1225 373 1307 quod
395 1242 451 1288 eos
472 1225 573 1289 lonae
593 1220 703 1288 indolis
722 1223 844 1286 minime
867 1228 1007 1302 expertes
1032 1221 1126 1284 lirisse
1148 1222 1242 1286 tribus
1270 1225 1389 1305 episto-

290 1331 340 1396 lae
368 1331 445 1394 locis
481 1329 657 1412 intelligitur
672 1332 711 1409 ³).
754 1331 803 1394 Ad
835 1330 891 1392 lros
925 1331 1016 1411 igitur
1046 1331 1194 1410 Pisones,
1221 1338 1335 1411 patrem
1357 1339 1388 1396 et

290 1439 391 1518 filios,
422 1455 499 1519 quos
530 1443 748 1502 commentator
779 1425 901 1521 Gruqnii
928 1438 1013 1500 viros
1041 1432 1161 1502 nobiles
1195 1439 1386 1523 disertosqne

290 1553 391 1625 vocat,
414 1547 554 1610 lloretins
574 1547 652 1610 lano
668 1547 825 1627 epistolam
839 1546 968 1626 scripsit,
994 1546 1244 1627 quomadmodum
1258 1551 1388 1612 secundi

291 1655 360 1718 libri
381 1656 505 1735 prirnam
529 1655 689 1736 Angusto,
710 1655 836 1717 alteram
857 1653 969 1736 Floro,
1001 1655 1099 1717 emico
1120 1672 1195 1734 suo,
1223 1655 1386 1734 dedicavit,

292 1764 399 1843 quillus
420 1769 453 1824 et
477 1769 656 1844 argomento
677 1769 708 1826 et
727 1761 856 1825 consilio
878 1768 909 1824 et
923 1779 1038 1846 genere
1052 1761 1172 1826 dicendi
1196 1781 1263 1827 eam
1285 1769 1387 1846 persi-

289 1871 390 1934 milem
412 1889 502 1949 esse,
529 1859 790 1951 Morpercoterm'os
812 1870 871 1932 iam
898 1869 1043 1934 intellexit
1061 1867 1102 1950 ⁴).
1145 1863 1223 1946 Ouid
1243 1874 1390 1954 epistola·

289 1999 355 2044 rum
380 1980 419 2043 ad
437 1981 602 2063 Augustum
624 1987 656 2042 et
676 1980 794 2042 Florum
815 1978 1044 2042 scribendarum
1064 1979 1258 2044 occasionem
1277 1985 1388 2063 poetae

289 2067 472 2172 praetuerit,
494 2107 555 2151 non
576 2090 770 2170 mucronum
792 2105 870 2170 qnae
894 2094 992 2156 autem
1008 2095 1132 2156 nostrae
1142 2089 1293 2171 epistolae
1308 2093 1390 2154 scri-

288 2199 409 2286 bendae
428 2213 505 2283 ansa
527 2197 628 2276 fuerit,
648 2215 710 2260 non
735 2185 824 2260 laoile
840 2195 879 2258 ad
895 2195 1055 2270 dicendum
1079 2201 1143 2258 est.
1173 2197 1268 2272 Quam
1290 2198 1386 2263 solius

290 2309 408 2371 Pisonis
431 2315 502 2370 natu
514 2307 647 2370 maioris
673 2323 767 2368 cansa
789 2305 929 2386 scriptam
961 2319 1031 2368 esse
1059 2323 1147 2386 popm
1169 2324 1210 2368 ex
1228 2324 1266 2368 ea
1285 2307 1390 2392 colligi

288 2434 352 2480 non
370 2418 485 2497 possit,
513 2417 636 2478 omnino
667 2413 864 2478 reiiciendnm
893 2412 1020 2478 videtur.
1064 2415 1180 2490 Quodsi
1202 2433 1306 2480 venrm
1328 2409 1388 2497 e'st,

290 2526 373 2608 qnod
394 2524 578 2588 Wietonrlim
590 2524 744 2588 Horatium
762 2543 912 2607 nnnpram
932 2525 1000 2588 sine
1016 2531 1100 2588 certa
1122 2527 1287 2590 occasione
1307 2529 1388 2592 scri-

289 2637 390 2717 psisse
413 2634 621 2714 confirmati),
644 2633 735 2698 huius
755 2634 902 2715 epistolae
923 2633 1002 2698 hano
1021 2633 1093 2698 milri
1110 2651 1213 2698 ansam
1229 2637 1389 2718 cogitave-

291 2745 360 2812 rim.
402 2744 470 2806 Piso
495 2749 582 2823 pater
608 2732 710 2824 p'ravis
736 2734 883 2806 malornm
903 2745 1059 2822 poetarum
1080 2743 1186 2809 studiis
1206 2742 1297 2828 irenis
1320 2761 1388 2806 cnm

291 2854 418 2918 lloratio
439 2851 562 2933 saepiam
595 2851 634 2936 de
663 2849 722 2915 lmo
744 2869 779 2914 re
806 2858 839 2915 et
868 2852 1013 2934 imprimis
1040 2849 1176 2934 quidem
1194 2849 1325 2912 sortasse
1345 2850 1388 2911 de

291 2961 444 3026 sententia
465 2959 531 3024 illa:
594 2967 598 2976 ’
1087 3001 1090 3010 .

841 3061 1032 3130 Plctortlus
1057 3071 1156 3153 ctpne
1179 3068 1289 3150 poetis

397 3159 564 3256 Quidlibet
585 3172 727 3238 audendi
747 3189 878 3255 seraper
900 3169 970 3252 fan
993 3189 1099 3257 nequo
1119 3180 1280 3258 potestas.

296 3283 435 3348 familiari
456 3282 608 3362 colloquio
635 3278 839 3355 disseruerat3
862 3295 921 3358 quo
943 3277 1053 3344 factam
1077 3285 1145 3360 est,
1170 3287 1202 3344 nt
1223 3279 1302 3344 lanc
1326 3297 1391 3344 rem

301 3447 558 3462 *μ

357 3553 383 3621 1)
401 3547 443 3602 Gi.
461 3546 526 3600 l'lin.
547 3546 603 3599 llat.
622 3544 688 3598 lltsr.
708 3543 775 3609 xlv,
796 3543 839 3596 22
863 3545 934 3598 Soet.
952 3545 1007 3598 lto.
1026 3544 1070 3600 42.
1086 3547 1148 3602 Son.
1168 3561 1227 3615 epp.
1244 3545 1289 3600 83.

353 3655 382 3727 2)
405 3650 508 3705 Anthol.
527 3663 614 3718 graec.
633 3647 674 3700 erl.
690 3648 789 3702 lacobs.
810 3647 842 3702 ll.
865 3665 889 3716 p.
910 3649 945 3701 97
964 3665 1022 3718 sqq.

262 3738 674 3828 'mmmmm.

352 3860 382 3934 t)
402 3859 441 3912 lle
470 3857 568 3910 satirae
594 3865 671 3925 atque
699 3847 831 3924 epistolae
856 3857 1010 3911 lloratianne
1033 3857 1194 3910 oncrimnn.
1222 3857 1291 3924 Lipr.
1315 3855 1391 3907 1801.

401 3969 427 4020 n·
445 3951 481 4003 9⁰
497 3967 554 4020 ⁵m·

353 4059 381 4131 5)
401 4057 532 4108 lloranens
551 4053 638 4106 Brieie
655 4069 701 4106 ans
721 4055 780 4107 dem
800 4055 979 4108 Lateinisclren
998 4055 1138 4122 (thersam,
1157 4056 1203 4106 mit
1223 4055 1310 4107 histor.
1329 4054 1394 4106 Ein-

402 4151 599 4220 leitnngennnd
613 4149 709 4204 andern
729 4151 853 4220 nothigen
866 4151 1071 4219 Erllioternngen
1092 4149 1219 4204 Vtraehon
1242 4165 1292 4202 von
1311 4149 1339 4200 C.
1359 4149 1394 4200 ll.

401 4245 528 4296 Wieland.
548 4246 649 4312 Lipsiae
672 4245 748 4296 1816.
770 4261 795 4314 p.
817 4245 874 4297 188.
