<?xml version="1.0" encoding="UTF-8"?>
<!DOCTYPE html PUBLIC "-//W3C//DTD XHTML 1.0 Transitional//EN"
    "http://www.w3.org/TR/xhtml1/DTD/xhtml1-transitional.dtd">
<html xmlns="http://www.w3.org/1999/xhtml" xml:lang="en" lang="en">
 <head>
  <title>
</title>
<meta http-equiv="Content-Type" content="text/html;charset=utf-8" />
  <meta name='ocr-system' content='tesseract 3.04.00' />
  <meta name='ocr-capabilities' content='ocr_page ocr_carea ocr_par ocr_line ocrx_word'/>
</head>
<body>
  <div class='ocr_page' id='page_1' title='image "./dequintihoratii00hilggoog_0033.png"; bbox 0 0 2976 4986; ppageno 0'>
   <div class='ocr_carea' id='block_1_1' title="bbox 679 293 921 387">
    <p class='ocr_par' dir='ltr' id='par_1_1' title="bbox 679 293 921 387">
     <span class='ocr_line' id='line_1_1' title="bbox 679 293 921 387; baseline -0.025 -27"><span class='ocrx_word' id='word_1_1' title='bbox 679 293 921 387; x_wconf 67' lang='lat' dir='ltr'>...pg-</span> 
     </span>
    </p>
   </div>
   <div class='ocr_carea' id='block_1_2' title="bbox 247 485 1355 1004">
    <p class='ocr_par' dir='ltr' id='par_1_2' title="bbox 247 485 1355 899">
     <span class='ocr_line' id='line_1_2' title="bbox 254 485 1355 580; baseline -0.002 -22"><span class='ocrx_word' id='word_1_2' title='bbox 254 501 361 580; x_wconf 83' lang='lat' dir='ltr'>gnent,</span> <span class='ocrx_word' id='word_1_3' title='bbox 383 495 464 558; x_wconf 87' lang='lat' dir='ltr'>inter</span> <span class='ocrx_word' id='word_1_4' title='bbox 488 510 523 557; x_wconf 88' lang='lat' dir='ltr'>se</span> <span class='ocrx_word' id='word_1_5' title='bbox 545 493 691 574; x_wconf 87' lang='lat' dir='ltr'>coniungi</span> <span class='ocrx_word' id='word_1_6' title='bbox 713 493 811 558; x_wconf 88' lang='lat' dir='ltr'>liceat.</span> <span class='ocrx_word' id='word_1_7' title='bbox 856 491 931 555; x_wconf 87' lang='lat' dir='ltr'>Nam</span> <span class='ocrx_word' id='word_1_8' title='bbox 953 496 1059 552; x_wconf 89' lang='lat' dir='ltr'>contra</span> <span class='ocrx_word' id='word_1_9' title='bbox 1081 485 1237 554; x_wconf 85' lang='lat' dir='ltr'>veritatem</span> <span class='ocrx_word' id='word_1_10' title='bbox 1262 497 1355 556; x_wconf 86' lang='lat' dir='ltr'>natu-</span> 
     </span>
     <span class='ocr_line' id='line_1_3' title="bbox 249 597 1352 682; baseline -0.005 -14"><span class='ocrx_word' id='word_1_11' title='bbox 249 621 304 668; x_wconf 83' lang='lat' dir='ltr'>rae</span> <span class='ocrx_word' id='word_1_12' title='bbox 316 603 437 666; x_wconf 91' lang='lat' dir='ltr'>minime</span> <span class='ocrx_word' id='word_1_13' title='bbox 460 602 551 668; x_wconf 85' lang='lat' dir='ltr'>dehet</span> <span class='ocrx_word' id='word_1_14' title='bbox 565 602 703 682; x_wconf 90' lang='lat' dir='ltr'>peccari:</span> <span class='ocrx_word' id='word_1_15' title='bbox 725 601 807 681; x_wconf 85' lang='lat' dir='ltr'>quod</span> <span class='ocrx_word' id='word_1_16' title='bbox 829 600 946 664; x_wconf 85' lang='lat' dir='ltr'>duobus</span> <span class='ocrx_word' id='word_1_17' title='bbox 960 597 1130 665; x_wconf 86' lang='lat' dir='ltr'>animalium</span> <span class='ocrx_word' id='word_1_18' title='bbox 1152 599 1297 680; x_wconf 90' lang='lat' dir='ltr'>exemplis</span> <span class='ocrx_word' id='word_1_19' title='bbox 1313 607 1352 680; x_wconf 86' lang='lat'>¹),</span> 
     </span>
     <span class='ocr_line' id='line_1_4' title="bbox 250 707 1354 790; baseline 0 -19"><span class='ocrx_word' id='word_1_20' title='bbox 250 727 328 790; x_wconf 78' lang='lat' dir='ltr'>quae</span> <span class='ocrx_word' id='word_1_21' title='bbox 350 727 412 770; x_wconf 92' lang='lat' dir='ltr'>non</span> <span class='ocrx_word' id='word_1_22' title='bbox 435 709 531 774; x_wconf 90' lang='lat' dir='ltr'>solum</span> <span class='ocrx_word' id='word_1_23' title='bbox 551 708 699 787; x_wconf 82' lang='lat' dir='ltr'>diversa,¹</span> <span class='ocrx_word' id='word_1_24' title='bbox 718 725 822 770; x_wconf 87' lang='lat' dir='ltr'>verum</span> <span class='ocrx_word' id='word_1_25' title='bbox 845 708 935 768; x_wconf 56' lang='lat' dir='ltr'>mam</span> <span class='ocrx_word' id='word_1_26' title='bbox 957 707 1016 770; x_wconf 87' lang='lat' dir='ltr'>sibi</span> <span class='ocrx_word' id='word_1_27' title='bbox 1039 707 1160 770; x_wconf 86' lang='lat' dir='ltr'>inimica</span> <span class='ocrx_word' id='word_1_28' title='bbox 1181 713 1269 786; x_wconf 85' lang='lat' dir='ltr'>sunt,</span> <span class='ocrx_word' id='word_1_29' title='bbox 1292 727 1354 772; x_wconf 90' lang='lat' dir='ltr'>ex-</span> 
     </span>
     <span class='ocr_line' id='line_1_5' title="bbox 247 815 382 899; baseline 0.015 -21"><span class='ocrx_word' id='word_1_30' title='bbox 247 815 382 899; x_wconf 77' lang='lat' dir='ltr'><strong>plicatur.</strong></span> 
     </span>
    </p>

    <p class='ocr_par' dir='ltr' id='par_1_3' title="bbox 334 917 1352 1004">
     <span class='ocr_line' id='line_1_6' title="bbox 334 917 1352 1004; baseline -0.004 -16"><span class='ocrx_word' id='word_1_31' title='bbox 334 927 396 988; x_wconf 92' lang='lat' dir='ltr'>lam</span> <span class='ocrx_word' id='word_1_32' title='bbox 417 917 553 1001; x_wconf 58' lang='lat' dir='ltr'>vero,‘si</span> <span class='ocrx_word' id='word_1_33' title='bbox 574 923 770 1004; x_wconf 77' lang='lat' dir='ltr'><strong>quaerimus,</strong></span> <span class='ocrx_word' id='word_1_34' title='bbox 796 921 948 1003; x_wconf 91' lang='lat' dir='ltr'>quomodo</span> <span class='ocrx_word' id='word_1_35' title='bbox 968 924 1080 1000; x_wconf 76' lang='lat' dir='ltr'>poetae</span> <span class='ocrx_word' id='word_1_36' title='bbox 1100 922 1131 983; x_wconf 89' lang='lat' dir='ltr'>in</span> <span class='ocrx_word' id='word_1_37' title='bbox 1152 921 1256 984; x_wconf 82' lang='lat' dir='ltr'>vitium</span> <span class='ocrx_word' id='word_1_38' title='bbox 1277 919 1352 984; x_wconf 89' lang='lat' dir='ltr'>illud</span> 
     </span>
    </p>
   </div>
   <div class='ocr_carea' id='block_1_3' title="bbox 250 1028 1479 1110">
    <p class='ocr_par' dir='ltr' id='par_1_4' title="bbox 250 1028 1479 1110">
     <span class='ocr_line' id='line_1_7' title="bbox 250 1028 1479 1110; baseline -0.01 -16"><span class='ocrx_word' id='word_1_39' title='bbox 250 1033 397 1108; x_wconf 88' lang='lat' dir='ltr'>incidant,</span> <span class='ocrx_word' id='word_1_40' title='bbox 419 1031 557 1092; x_wconf 89' lang='lat' dir='ltr'>nimirum</span> <span class='ocrx_word' id='word_1_41' title='bbox 572 1028 732 1110; x_wconf 82' lang='lat' dir='ltr'>splendere</span> <span class='ocrx_word' id='word_1_42' title='bbox 751 1045 788 1089; x_wconf 90' lang='lat' dir='ltr'>ac</span> <span class='ocrx_word' id='word_1_43' title='bbox 813 1046 847 1090; x_wconf 91' lang='lat' dir='ltr'>se</span> <span class='ocrx_word' id='word_1_44' title='bbox 866 1034 1019 1090; x_wconf 85' lang='lat' dir='ltr'>ostentare</span> <span class='ocrx_word' id='word_1_45' title='bbox 1032 1028 1147 1108; x_wconf 86' lang='lat' dir='ltr'>volunt,</span> <span class='ocrx_word' id='word_1_46' title='bbox 1170 1035 1355 1110; x_wconf 87' lang='lat' dir='ltr'>quapropter</span> <span class='ocrx_word' id='word_1_47' title='bbox 1478 1067 1479 1082; x_wconf 72' lang='lat'>.</span> 
     </span>
    </p>
   </div>
   <div class='ocr_carea' id='block_1_4' title="bbox 213 1134 1365 3706">
    <p class='ocr_par' dir='ltr' id='par_1_5' title="bbox 213 1134 1365 3706">
     <span class='ocr_line' id='line_1_8' title="bbox 248 1134 1353 1220; baseline -0.003 -19"><span class='ocrx_word' id='word_1_48' title='bbox 248 1140 281 1201; x_wconf 88' lang='lat' dir='ltr'>in</span> <span class='ocrx_word' id='word_1_49' title='bbox 300 1143 472 1220; x_wconf 73' lang='lat' dir='ltr'>poematum</span> <span class='ocrx_word' id='word_1_50' title='bbox 496 1135 623 1198; x_wconf 92' lang='lat' dir='ltr'>exordio</span> <span class='ocrx_word' id='word_1_51' title='bbox 639 1134 812 1215; x_wconf 84' lang='lat' dir='ltr'>plerunque</span> <span class='ocrx_word' id='word_1_52' title='bbox 840 1151 980 1214; x_wconf 89' lang='lat' dir='ltr'>magnam</span> <span class='ocrx_word' id='word_1_53' title='bbox 1006 1135 1247 1214; x_wconf 69' lang='lat' dir='ltr'>expectationem</span> <span class='ocrx_word' id='word_1_54' title='bbox 1263 1137 1353 1198; x_wconf 89' lang='lat' dir='ltr'>exci-</span> 
     </span>
     <span class='ocr_line' id='line_1_9' title="bbox 250 1239 1351 1326; baseline -0.004 -18"><span class='ocrx_word' id='word_1_55' title='bbox 250 1246 342 1308; x_wconf 86' lang='lat' dir='ltr'>taturi</span> <span class='ocrx_word' id='word_1_56' title='bbox 364 1242 557 1326; x_wconf 83' lang='lat' dir='ltr'>&#39;gravissimis</span> <span class='ocrx_word' id='word_1_57' title='bbox 583 1240 729 1320; x_wconf 92' lang='lat' dir='ltr'>incipiunt</span> <span class='ocrx_word' id='word_1_58' title='bbox 750 1239 852 1302; x_wconf 87' lang='lat' dir='ltr'>verbis</span> <span class='ocrx_word' id='word_1_59' title='bbox 877 1245 966 1320; x_wconf 89' lang='lat' dir='ltr'>atque</span> <span class='ocrx_word' id='word_1_60' title='bbox 986 1243 1133 1304; x_wconf 91' lang='lat' dir='ltr'>orationis</span> <span class='ocrx_word' id='word_1_61' title='bbox 1155 1242 1258 1321; x_wconf 87' lang='lat' dir='ltr'>liores,</span> <span class='ocrx_word' id='word_1_62' title='bbox 1281 1249 1351 1304; x_wconf 86' lang='lat' dir='ltr'>tan-</span> 
     </span>
     <span class='ocr_line' id='line_1_10' title="bbox 255 1349 1349 1435; baseline -0.008 -22"><span class='ocrx_word' id='word_1_63' title='bbox 255 1369 343 1432; x_wconf 84' lang='lat' dir='ltr'>quam</span> <span class='ocrx_word' id='word_1_64' title='bbox 363 1349 520 1412; x_wconf 85' lang='lat' dir='ltr'>ambitiosa</span> <span class='ocrx_word' id='word_1_65' title='bbox 540 1355 728 1425; x_wconf 90' lang='lat' dir='ltr'>ornamenta,</span> <span class='ocrx_word' id='word_1_66' title='bbox 750 1353 912 1428; x_wconf 85' lang='lat' dir='ltr'>spargunt,</span> <span class='ocrx_word' id='word_1_67' title='bbox 935 1365 1024 1430; x_wconf 84' lang='lat' dir='ltr'>quum</span> <span class='ocrx_word' id='word_1_68' title='bbox 1040 1349 1349 1435; x_wconf 79' lang='lat' dir='ltr'>splendidasdigres.</span> 
     </span>
     <span class='ocr_line' id='line_1_11' title="bbox 252 1455 1352 1539; baseline 0 -17"><span class='ocrx_word' id='word_1_69' title='bbox 252 1461 369 1539; x_wconf 77' lang='lat' dir='ltr'>aiones,</span> <span class='ocrx_word' id='word_1_70' title='bbox 388 1465 421 1521; x_wconf 92' lang='lat' dir='ltr'>ut</span> <span class='ocrx_word' id='word_1_71' title='bbox 441 1474 588 1519; x_wconf 81' lang='lat' dir='ltr'>amoenae</span> <span class='ocrx_word' id='word_1_72' title='bbox 612 1455 747 1537; x_wconf 83' lang='lat' dir='ltr'>regionis</span> <span class='ocrx_word' id='word_1_73' title='bbox 777 1457 826 1517; x_wconf 92' lang='lat' dir='ltr'>vel</span> <span class='ocrx_word' id='word_1_74' title='bbox 846 1455 987 1536; x_wconf 90' lang='lat' dir='ltr'>lluminis,</span> <span class='ocrx_word' id='word_1_75' title='bbox 1008 1457 1058 1520; x_wconf 90' lang='lat' dir='ltr'>vel</span> <span class='ocrx_word' id='word_1_76' title='bbox 1080 1459 1154 1522; x_wconf 90' lang='lat' dir='ltr'>alias</span> <span class='ocrx_word' id='word_1_77' title='bbox 1172 1479 1271 1524; x_wconf 90' lang='lat' dir='ltr'>rerum</span> <span class='ocrx_word' id='word_1_78' title='bbox 1291 1480 1352 1523; x_wconf 83' lang='lat' dir='ltr'>na-</span> 
     </span>
     <span class='ocr_line' id='line_1_12' title="bbox 253 1563 1348 1649; baseline 0.004 -21"><span class='ocrx_word' id='word_1_79' title='bbox 253 1571 339 1629; x_wconf 86' lang='lat' dir='ltr'>turae</span> <span class='ocrx_word' id='word_1_80' title='bbox 352 1564 570 1645; x_wconf 79' lang='lat' dir='ltr'>descriptiones</span> <span class='ocrx_word' id='word_1_81' title='bbox 586 1563 728 1647; x_wconf 88' lang='lat' dir='ltr'>operibus</span> <span class='ocrx_word' id='word_1_82' title='bbox 744 1563 807 1624; x_wconf 90' lang='lat' dir='ltr'>suis</span> <span class='ocrx_word' id='word_1_83' title='bbox 825 1563 962 1624; x_wconf 88' lang='lat' dir='ltr'>inserunt</span> <span class='ocrx_word' id='word_1_84' title='bbox 985 1570 1097 1646; x_wconf 81' lang='lat' dir='ltr'>atque,</span> <span class='ocrx_word' id='word_1_85' title='bbox 1117 1573 1148 1630; x_wconf 90' lang='lat' dir='ltr'>ut</span> <span class='ocrx_word' id='word_1_86' title='bbox 1167 1585 1348 1649; x_wconf 88' lang='lat' dir='ltr'>purpureum</span> 
     </span>
     <span class='ocr_line' id='line_1_13' title="bbox 255 1669 1354 1759; baseline 0.002 -23"><span class='ocrx_word' id='word_1_87' title='bbox 255 1690 387 1756; x_wconf 86' lang='lat' dir='ltr'>pannum</span> <span class='ocrx_word' id='word_1_88' title='bbox 403 1670 531 1752; x_wconf 86' lang='lat' dir='ltr'>simplici</span> <span class='ocrx_word' id='word_1_89' title='bbox 549 1671 636 1749; x_wconf 90' lang='lat' dir='ltr'>vesti,</span> <span class='ocrx_word' id='word_1_90' title='bbox 652 1687 689 1732; x_wconf 91' lang='lat' dir='ltr'>ea</span> <span class='ocrx_word' id='word_1_91' title='bbox 711 1669 851 1748; x_wconf 83' lang='lat' dir='ltr'>adsuunt,</span> <span class='ocrx_word' id='word_1_92' title='bbox 868 1688 945 1750; x_wconf 85' lang='lat' dir='ltr'>quae</span> <span class='ocrx_word' id='word_1_93' title='bbox 967 1672 1007 1734; x_wconf 89' lang='lat' dir='ltr'>ad</span> <span class='ocrx_word' id='word_1_94' title='bbox 1028 1676 1169 1740; x_wconf 79' lang='lat' dir='ltr'>carminis</span> <span class='ocrx_word' id='word_1_95' title='bbox 1187 1693 1354 1759; x_wconf 85' lang='lat' dir='ltr'>argumen-</span> 
     </span>
     <span class='ocr_line' id='line_1_14' title="bbox 248 1775 1354 1861; baseline 0.005 -17"><span class='ocrx_word' id='word_1_96' title='bbox 248 1787 318 1844; x_wconf 86' lang='lat' dir='ltr'>¹tum</span> <span class='ocrx_word' id='word_1_97' title='bbox 338 1779 460 1844; x_wconf 89' lang='lat' dir='ltr'>minime</span> <span class='ocrx_word' id='word_1_98' title='bbox 480 1777 649 1860; x_wconf 89' lang='lat' dir='ltr'>pertinent,</span> <span class='ocrx_word' id='word_1_99' title='bbox 666 1781 704 1861; x_wconf 36' lang='lat' dir='ltr'>,et</span> <span class='ocrx_word' id='word_1_100' title='bbox 734 1775 880 1838; x_wconf 86' lang='lat' dir='ltr'>lectorum</span> <span class='ocrx_word' id='word_1_101' title='bbox 913 1778 1030 1852; x_wconf 89' lang='lat' dir='ltr'>animos</span> <span class='ocrx_word' id='word_1_102' title='bbox 1054 1779 1229 1845; x_wconf 88' lang='lat' dir='ltr'>distrahunt.</span> <span class='ocrx_word' id='word_1_103' title='bbox 1248 1829 1251 1838; x_wconf 65' lang='lat'>.</span> <span class='ocrx_word' id='word_1_104' title='bbox 1273 1785 1354 1860; x_wconf 82' lang='lat' dir='ltr'>Quid</span> 
     </span>
     <span class='ocr_line' id='line_1_15' title="bbox 253 1885 1355 1968; baseline 0.005 -18"><span class='ocrx_word' id='word_1_105' title='bbox 253 1889 346 1966; x_wconf 92' lang='lat' dir='ltr'>enim,</span> <span class='ocrx_word' id='word_1_106' title='bbox 369 1895 401 1950; x_wconf 90' lang='lat' dir='ltr'>ut</span> <span class='ocrx_word' id='word_1_107' title='bbox 424 1886 591 1968; x_wconf 90' lang='lat' dir='ltr'>exemplum</span> <span class='ocrx_word' id='word_1_108' title='bbox 616 1885 772 1964; x_wconf 86' lang='lat' dir='ltr'>adieram,</span> <span class='ocrx_word' id='word_1_109' title='bbox 796 1886 826 1948; x_wconf 90' lang='lat' dir='ltr'>in</span> <span class='ocrx_word' id='word_1_110' title='bbox 849 1885 949 1948; x_wconf 89' lang='lat' dir='ltr'>tabula</span> <span class='ocrx_word' id='word_1_111' title='bbox 973 1887 1102 1952; x_wconf 90' lang='lat' dir='ltr'>inlelicis</span> <span class='ocrx_word' id='word_1_112' title='bbox 1122 1889 1253 1954; x_wconf 90' lang='lat' dir='ltr'>hominis</span> <span class='ocrx_word' id='word_1_113' title='bbox 1274 1899 1355 1956; x_wconf 89' lang='lat' dir='ltr'>nau-</span> 
     </span>
     <span class='ocr_line' id='line_1_16' title="bbox 252 1993 1352 2080; baseline 0.005 -22"><span class='ocrx_word' id='word_1_114' title='bbox 252 1995 381 2078; x_wconf 78' lang='lat' dir='ltr'>fragium</span> <span class='ocrx_word' id='word_1_115' title='bbox 404 1993 573 2058; x_wconf 84' lang='lat' dir='ltr'>exhibitura</span> <span class='ocrx_word' id='word_1_116' title='bbox 594 1993 653 2056; x_wconf 89' lang='lat' dir='ltr'>sibi</span> <span class='ocrx_word' id='word_1_117' title='bbox 674 1993 747 2055; x_wconf 90' lang='lat' dir='ltr'>velit</span> <span class='ocrx_word' id='word_1_118' title='bbox 768 1996 956 2073; x_wconf 80' lang='lat' dir='ltr'>cypressus?</span> <span class='ocrx_word' id='word_1_119' title='bbox 986 1996 1051 2058; x_wconf 89' lang='lat' dir='ltr'>Hoc</span> <span class='ocrx_word' id='word_1_120' title='bbox 1074 1999 1164 2080; x_wconf 90' lang='lat' dir='ltr'>igitur</span> <span class='ocrx_word' id='word_1_121' title='bbox 1176 2001 1269 2063; x_wconf 92' lang='lat' dir='ltr'>modo</span> <span class='ocrx_word' id='word_1_122' title='bbox 1291 2021 1352 2064; x_wconf 89' lang='lat' dir='ltr'>na-</span> 
     </span>
     <span class='ocr_line' id='line_1_17' title="bbox 250 2101 1356 2190; baseline 0.005 -23"><span class='ocrx_word' id='word_1_123' title='bbox 250 2104 349 2176; x_wconf 81' lang='lat' dir='ltr'>scitur</span> <span class='ocrx_word' id='word_1_124' title='bbox 371 2120 465 2184; x_wconf 90' lang='lat' dir='ltr'>opus,</span> <span class='ocrx_word' id='word_1_125' title='bbox 497 2105 581 2165; x_wconf 89' lang='lat' dir='ltr'>cuius</span> <span class='ocrx_word' id='word_1_126' title='bbox 604 2102 718 2164; x_wconf 88' lang='lat' dir='ltr'>initium</span> <span class='ocrx_word' id='word_1_127' title='bbox 746 2102 837 2164; x_wconf 91' lang='lat' dir='ltr'>exitui</span> <span class='ocrx_word' id='word_1_128' title='bbox 865 2101 986 2165; x_wconf 89' lang='lat' dir='ltr'>minime</span> <span class='ocrx_word' id='word_1_129' title='bbox 1007 2106 1192 2186; x_wconf 88' lang='lat' dir='ltr'>respondet,</span> <span class='ocrx_word' id='word_1_130' title='bbox 1214 2108 1356 2190; x_wconf 81' lang='lat' dir='ltr'>quodque</span> 
     </span>
     <span class='ocr_line' id='line_1_18' title="bbox 255 2211 1355 2295; baseline 0.005 -20"><span class='ocrx_word' id='word_1_131' title='bbox 255 2230 367 2295; x_wconf 88' lang='lat' dir='ltr'>magno</span> <span class='ocrx_word' id='word_1_132' title='bbox 395 2211 479 2276; x_wconf 90' lang='lat' dir='ltr'>hiatu</span> <span class='ocrx_word' id='word_1_133' title='bbox 508 2213 659 2292; x_wconf 89' lang='lat' dir='ltr'>inceptum</span> <span class='ocrx_word' id='word_1_134' title='bbox 688 2212 855 2274; x_wconf 91' lang='lat' dir='ltr'>miserrime</span> <span class='ocrx_word' id='word_1_135' title='bbox 882 2214 1077 2277; x_wconf 87' lang='lat' dir='ltr'>terminatur:</span> <span class='ocrx_word' id='word_1_136' title='bbox 1100 2215 1181 2295; x_wconf 85' lang='lat' dir='ltr'>quod</span> <span class='ocrx_word' id='word_1_137' title='bbox 1212 2217 1355 2282; x_wconf 89' lang='lat' dir='ltr'>Horatius</span> 
     </span>
     <span class='ocr_line' id='line_1_19' title="bbox 257 2319 1356 2406; baseline 0.006 -24"><span class='ocrx_word' id='word_1_138' title='bbox 257 2321 411 2402; x_wconf 91' lang='lat' dir='ltr'>aptissimo</span> <span class='ocrx_word' id='word_1_139' title='bbox 436 2320 474 2381; x_wconf 91' lang='lat' dir='ltr'>de</span> <span class='ocrx_word' id='word_1_140' title='bbox 503 2320 602 2402; x_wconf 88' lang='lat' dir='ltr'>ligulis</span> <span class='ocrx_word' id='word_1_141' title='bbox 635 2319 790 2400; x_wconf 89' lang='lat' dir='ltr'>desumpto</span> <span class='ocrx_word' id='word_1_142' title='bbox 814 2319 951 2402; x_wconf 92' lang='lat' dir='ltr'>exemplo</span> <span class='ocrx_word' id='word_1_143' title='bbox 971 2321 1129 2402; x_wconf 87' lang='lat' dir='ltr'>significat.</span> <span class='ocrx_word' id='word_1_144' title='bbox 1172 2323 1356 2406; x_wconf 85' lang='lat' dir='ltr'>Amphoram</span> 
     </span>
     <span class='ocr_line' id='line_1_20' title="bbox 256 2423 1354 2512; baseline 0.005 -22"><span class='ocrx_word' id='word_1_145' title='bbox 256 2429 373 2510; x_wconf 86' lang='lat' dir='ltr'>tingere</span> <span class='ocrx_word' id='word_1_146' title='bbox 391 2429 529 2508; x_wconf 88' lang='lat' dir='ltr'>coepisti,</span> <span class='ocrx_word' id='word_1_147' title='bbox 551 2427 607 2490; x_wconf 91' lang='lat' dir='ltr'>sed</span> <span class='ocrx_word' id='word_1_148' title='bbox 627 2423 696 2490; x_wconf 86' lang='lat' dir='ltr'>&#39;vilis</span> <span class='ocrx_word' id='word_1_149' title='bbox 723 2427 844 2490; x_wconf 90' lang='lat' dir='ltr'>tandem</span> <span class='ocrx_word' id='word_1_150' title='bbox 870 2445 980 2492; x_wconf 88' lang='lat' dir='ltr'>urceus</span> <span class='ocrx_word' id='word_1_151' title='bbox 1001 2431 1109 2512; x_wconf 91' lang='lat' dir='ltr'>prodit.</span> <span class='ocrx_word' id='word_1_152' title='bbox 1161 2433 1256 2507; x_wconf 79' lang='lat' dir='ltr'>Quam</span> <span class='ocrx_word' id='word_1_153' title='bbox 1278 2451 1354 2496; x_wconf 91' lang='lat' dir='ltr'>sen-</span> 
     </span>
     <span class='ocr_line' id='line_1_21' title="bbox 256 2535 1358 2618; baseline 0.005 -20"><span class='ocrx_word' id='word_1_154' title='bbox 256 2537 381 2598; x_wconf 90' lang='lat' dir='ltr'>tentiam</span> <span class='ocrx_word' id='word_1_155' title='bbox 399 2536 541 2598; x_wconf 88' lang='lat' dir='ltr'>Horatius</span> <span class='ocrx_word' id='word_1_156' title='bbox 574 2535 634 2597; x_wconf 88' lang='lat' dir='ltr'>hoc</span> <span class='ocrx_word' id='word_1_157' title='bbox 665 2535 756 2597; x_wconf 92' lang='lat' dir='ltr'>modo</span> <span class='ocrx_word' id='word_1_158' title='bbox 781 2535 942 2600; x_wconf 89' lang='lat' dir='ltr'>concludit.</span> <span class='ocrx_word' id='word_1_159' title='bbox 987 2536 1138 2618; x_wconf 85' lang='lat' dir='ltr'>Quidquid</span> <span class='ocrx_word' id='word_1_160' title='bbox 1163 2541 1358 2604; x_wconf 90' lang='lat' dir='ltr'>scribendum</span> 
     </span>
     <span class='ocr_line' id='line_1_22' title="bbox 258 2644 1359 2731; baseline 0.004 -23"><span class='ocrx_word' id='word_1_161' title='bbox 258 2646 313 2708; x_wconf 88' lang='lat' dir='ltr'>tibi</span> <span class='ocrx_word' id='word_1_162' title='bbox 344 2646 513 2726; x_wconf 85' lang='lat' dir='ltr'>sumpsisti,</span> <span class='ocrx_word' id='word_1_163' title='bbox 545 2644 604 2707; x_wconf 90' lang='lat' dir='ltr'>hoc</span> <span class='ocrx_word' id='word_1_164' title='bbox 627 2663 703 2726; x_wconf 88' lang='lat' dir='ltr'>age,</span> <span class='ocrx_word' id='word_1_165' title='bbox 730 2652 763 2708; x_wconf 91' lang='lat' dir='ltr'>ut</span> <span class='ocrx_word' id='word_1_166' title='bbox 784 2661 889 2707; x_wconf 91' lang='lat' dir='ltr'>omnes</span> <span class='ocrx_word' id='word_1_167' title='bbox 911 2645 976 2709; x_wconf 88' lang='lat' dir='ltr'>eius</span> <span class='ocrx_word' id='word_1_168' title='bbox 998 2653 1099 2728; x_wconf 91' lang='lat' dir='ltr'>partes</span> <span class='ocrx_word' id='word_1_169' title='bbox 1120 2647 1194 2710; x_wconf 90' lang='lat' dir='ltr'>liant</span> <span class='ocrx_word' id='word_1_170' title='bbox 1216 2649 1359 2731; x_wconf 84' lang='lat' dir='ltr'>aequales</span> 
     </span>
     <span class='ocr_line' id='line_1_23' title="bbox 213 2754 1358 2836; baseline 0.003 -20"><span class='ocrx_word' id='word_1_171' title='bbox 213 2809 216 2816; x_wconf 94' lang='lat'>.</span> <span class='ocrx_word' id='word_1_172' title='bbox 260 2760 350 2834; x_wconf 85' lang='lat' dir='ltr'>atque</span> <span class='ocrx_word' id='word_1_173' title='bbox 374 2754 413 2816; x_wconf 92' lang='lat' dir='ltr'>ad</span> <span class='ocrx_word' id='word_1_174' title='bbox 434 2772 523 2816; x_wconf 89' lang='lat' dir='ltr'>unum</span> <span class='ocrx_word' id='word_1_175' title='bbox 544 2755 670 2833; x_wconf 88' lang='lat' dir='ltr'>simplex</span> <span class='ocrx_word' id='word_1_176' title='bbox 691 2761 722 2816; x_wconf 93' lang='lat' dir='ltr'>et</span> <span class='ocrx_word' id='word_1_177' title='bbox 745 2760 836 2816; x_wconf 93' lang='lat' dir='ltr'>totum</span> <span class='ocrx_word' id='word_1_178' title='bbox 858 2762 1065 2836; x_wconf 87' lang='lat' dir='ltr'>argumentum</span> <span class='ocrx_word' id='word_1_179' title='bbox 1078 2755 1252 2835; x_wconf 75' lang='lat' dir='ltr'>redeant2).</span> <span class='ocrx_word' id='word_1_180' title='bbox 1284 2757 1358 2830; x_wconf 83' lang='lat' dir='ltr'>Cum</span> 
     </span>
     <span class='ocr_line' id='line_1_24' title="bbox 260 2860 1353 2943; baseline 0.003 -21"><span class='ocrx_word' id='word_1_181' title='bbox 260 2860 456 2923; x_wconf 89' lang='lat' dir='ltr'>nostro-loco</span> <span class='ocrx_word' id='word_1_182' title='bbox 479 2862 653 2943; x_wconf 89' lang='lat' dir='ltr'>plerumque</span> <span class='ocrx_word' id='word_1_183' title='bbox 680 2867 855 2942; x_wconf 89' lang='lat' dir='ltr'>comparant</span> <span class='ocrx_word' id='word_1_184' title='bbox 871 2860 1063 2924; x_wconf 68' lang='lat' dir='ltr'>Aristotelem</span> <span class='ocrx_word' id='word_1_185' title='bbox 1086 2864 1117 2924; x_wconf 95' lang='lat' dir='ltr'>in</span> <span class='ocrx_word' id='word_1_186' title='bbox 1131 2862 1212 2926; x_wconf 75' lang='lat' dir='ltr'>Post.</span> <span class='ocrx_word' id='word_1_187' title='bbox 1231 2861 1353 2940; x_wconf 82' lang='grc' dir='ltr'><strong>Χ111,3.</strong></span> 
     </span>
     <span class='ocr_line' id='line_1_25' title="bbox 261 2959 1354 3050; baseline 0.002 -20"><span class='ocrx_word' id='word_1_188' title='bbox 261 2976 292 3030; x_wconf 94' lang='lat' dir='ltr'>et</span> <span class='ocrx_word' id='word_1_189' title='bbox 312 2967 466 3030; x_wconf 85' lang='lat' dir='ltr'>Platonem</span> <span class='ocrx_word' id='word_1_190' title='bbox 487 2970 518 3030; x_wconf 91' lang='lat' dir='ltr'>in</span> <span class='ocrx_word' id='word_1_191' title='bbox 541 2967 679 3030; x_wconf 82' lang='lat' dir='ltr'>Phaedro</span> <span class='ocrx_word' id='word_1_192' title='bbox 704 2989 731 3050; x_wconf 91' lang='lat' dir='ltr'>p.</span> <span class='ocrx_word' id='word_1_193' title='bbox 749 2969 809 3032; x_wconf 77' lang='lat' dir='ltr'>too</span> <span class='ocrx_word' id='word_1_194' title='bbox 823 2959 859 3031; x_wconf 91' lang='lat' dir='ltr'>D.</span> <span class='ocrx_word' id='word_1_195' title='bbox 902 2970 962 3033; x_wconf 91' lang='lat' dir='ltr'>Sed</span> <span class='ocrx_word' id='word_1_196' title='bbox 987 2971 1081 3034; x_wconf 90' lang='lat' dir='ltr'>solius</span> <span class='ocrx_word' id='word_1_197' title='bbox 1102 2969 1234 3034; x_wconf 83' lang='lat' dir='ltr'>Platonis</span> <span class='ocrx_word' id='word_1_198' title='bbox 1254 2972 1354 3033; x_wconf 91' lang='lat' dir='ltr'>locum</span> 
     </span>
     <span class='ocr_line' id='line_1_26' title="bbox 262 3075 1359 3159; baseline 0.003 -21"><span class='ocrx_word' id='word_1_199' title='bbox 262 3084 368 3140; x_wconf 90' lang='lat' dir='ltr'>nostro</span> <span class='ocrx_word' id='word_1_200' title='bbox 383 3079 548 3138; x_wconf 88' lang='lat' dir='ltr'>convenire</span> <span class='ocrx_word' id='word_1_201' title='bbox 560 3080 749 3158; x_wconf 88' lang='lat' dir='ltr'>perspicuum</span> <span class='ocrx_word' id='word_1_202' title='bbox 762 3084 818 3156; x_wconf 87' lang='lat' dir='ltr'>est,</span> <span class='ocrx_word' id='word_1_203' title='bbox 836 3075 925 3159; x_wconf 86' lang='lat' dir='ltr'>quum</span> <span class='ocrx_word' id='word_1_204' title='bbox 937 3075 1117 3141; x_wconf 81' lang='lat' dir='ltr'>Aristoteles</span> <span class='ocrx_word' id='word_1_205' title='bbox 1134 3079 1172 3142; x_wconf 90' lang='lat' dir='ltr'>de</span> <span class='ocrx_word' id='word_1_206' title='bbox 1188 3095 1222 3142; x_wconf 93' lang='lat' dir='ltr'>re</span> <span class='ocrx_word' id='word_1_207' title='bbox 1236 3079 1359 3141; x_wconf 92' lang='lat' dir='ltr'>omnino</span> 
     </span>
     <span class='ocr_line' id='line_1_27' title="bbox 264 3185 1362 3270; baseline 0 -22"><span class='ocrx_word' id='word_1_208' title='bbox 264 3185 385 3248; x_wconf 87' lang='lat' dir='ltr'>diversa</span> <span class='ocrx_word' id='word_1_209' title='bbox 409 3185 547 3266; x_wconf 85' lang='lat' dir='ltr'>loquatur</span> <span class='ocrx_word' id='word_1_210' title='bbox 561 3189 598 3266; x_wconf 82' lang='lat'>³).</span> <span class='ocrx_word' id='word_1_211' title='bbox 642 3185 750 3248; x_wconf 86' lang='lat' dir='ltr'>Verbis</span> <span class='ocrx_word' id='word_1_212' title='bbox 777 3192 887 3264; x_wconf 92' lang='lat' dir='ltr'>autem,</span> <span class='ocrx_word' id='word_1_213' title='bbox 911 3193 1188 3270; x_wconf 19' lang='lat' dir='ltr'>quaelsequuntur,</span> <span class='ocrx_word' id='word_1_214' title='bbox 1208 3187 1362 3264; x_wconf 89' lang='lat' dir='ltr'>Horatius,</span> 
     </span>
     <span class='ocr_line' id='line_1_28' title="bbox 265 3291 1363 3375; baseline 0.001 -22"><span class='ocrx_word' id='word_1_215' title='bbox 265 3310 322 3372; x_wconf 85' lang='lat' dir='ltr'>qua</span> <span class='ocrx_word' id='word_1_216' title='bbox 340 3291 377 3354; x_wconf 94' lang='lat' dir='ltr'>de</span> <span class='ocrx_word' id='word_1_217' title='bbox 400 3310 491 3355; x_wconf 90' lang='lat' dir='ltr'>causa</span> <span class='ocrx_word' id='word_1_218' title='bbox 514 3294 677 3374; x_wconf 87' lang='lat' dir='ltr'>scriptores</span> <span class='ocrx_word' id='word_1_219' title='bbox 691 3300 796 3356; x_wconf 90' lang='lat' dir='ltr'>contra</span> <span class='ocrx_word' id='word_1_220' title='bbox 810 3301 1003 3375; x_wconf 89' lang='lat' dir='ltr'>praeceptum</span> <span class='ocrx_word' id='word_1_221' title='bbox 1020 3293 1242 3374; x_wconf 88' lang='lat' dir='ltr'>illud-peccent,</span> <span class='ocrx_word' id='word_1_222' title='bbox 1263 3311 1363 3356; x_wconf 91' lang='lat' dir='ltr'>enun-</span> 
     </span>
     <span class='ocr_line' id='line_1_29' title="bbox 263 3397 1365 3484; baseline 0 -22"><span class='ocrx_word' id='word_1_223' title='bbox 263 3401 333 3462; x_wconf 89' lang='lat' dir='ltr'>ciat.</span> <span class='ocrx_word' id='word_1_224' title='bbox 360 3397 513 3478; x_wconf 87' lang='lat' dir='ltr'>·Plerique</span> <span class='ocrx_word' id='word_1_225' title='bbox 534 3407 681 3484; x_wconf 70' lang='lat' dir='ltr'>nostrum,</span> <span class='ocrx_word' id='word_1_226' title='bbox 703 3402 838 3480; x_wconf 87' lang='lat' dir='ltr'>Pisones,</span> <span class='ocrx_word' id='word_1_227' title='bbox 853 3403 965 3482; x_wconf 67' lang='lat' dir='ltr'>&#39;inquit</span> <span class='ocrx_word' id='word_1_228' title='bbox 983 3408 1098 3481; x_wconf 88' lang='lat' dir='ltr'>patrem</span> <span class='ocrx_word' id='word_1_229' title='bbox 1120 3406 1151 3461; x_wconf 90' lang='lat' dir='ltr'>et</span> <span class='ocrx_word' id='word_1_230' title='bbox 1171 3397 1365 3462; x_wconf 88' lang='lat' dir='ltr'>lilicshono-</span> 
     </span>
     <span class='ocr_line' id='line_1_30' title="bbox 265 3507 1365 3596; baseline -0.002 -26"><span class='ocrx_word' id='word_1_231' title='bbox 265 3507 358 3570; x_wconf 90' lang='lat' dir='ltr'>rillcis</span> <span class='ocrx_word' id='word_1_232' title='bbox 381 3507 483 3596; x_wconf 76' lang='lat' dir='ltr'>uerbis</span> <span class='ocrx_word' id='word_1_233' title='bbox 509 3509 682 3588; x_wconf 88' lang='lat' dir='ltr'>appellans,</span> <span class='ocrx_word' id='word_1_234' title='bbox 713 3510 842 3574; x_wconf 87' lang='lat' dir='ltr'>studium</span> <span class='ocrx_word' id='word_1_235' title='bbox 874 3517 904 3572; x_wconf 91' lang='lat' dir='ltr'>et</span> <span class='ocrx_word' id='word_1_236' title='bbox 933 3515 1026 3570; x_wconf 88' lang='lat' dir='ltr'>artem</span> <span class='ocrx_word' id='word_1_237' title='bbox 1049 3508 1241 3589; x_wconf 82' lang='lat' dir='ltr'>negligentes</span> <span class='ocrx_word' id='word_1_238' title='bbox 1262 3507 1365 3588; x_wconf 91' lang='lat' dir='ltr'>specie</span> 
     </span>
     <span class='ocr_line' id='line_1_31' title="bbox 259 3615 1364 3706; baseline -0.002 -28"><span class='ocrx_word' id='word_1_239' title='bbox 259 3633 360 3678; x_wconf 73' lang='lat' dir='ltr'>uerae</span> <span class='ocrx_word' id='word_1_240' title='bbox 381 3615 610 3706; x_wconf 86' lang='lat' dir='ltr'>pulchritudinis</span> <span class='ocrx_word' id='word_1_241' title='bbox 632 3615 771 3698; x_wconf 83' lang='lat' dir='ltr'>fallimur,</span> <span class='ocrx_word' id='word_1_242' title='bbox 793 3620 834 3681; x_wconf 89' lang='lat' dir='ltr'>ita</span> <span class='ocrx_word' id='word_1_243' title='bbox 857 3623 889 3680; x_wconf 92' lang='lat' dir='ltr'>ut</span> <span class='ocrx_word' id='word_1_244' title='bbox 911 3633 1046 3680; x_wconf 91' lang='lat' dir='ltr'>errorem</span> <span class='ocrx_word' id='word_1_245' title='bbox 1068 3617 1164 3679; x_wconf 86' lang='lat' dir='ltr'>vitare</span> <span class='ocrx_word' id='word_1_246' title='bbox 1181 3615 1318 3678; x_wconf 90' lang='lat' dir='ltr'>conaturi</span> <span class='ocrx_word' id='word_1_247' title='bbox 1332 3615 1364 3676; x_wconf 91' lang='lat' dir='ltr'>in</span> 
     </span>
    </p>
   </div>
   <div class='ocr_carea' id='block_1_5' title="bbox 280 3771 521 3792">
    <p class='ocr_par' dir='ltr' id='par_1_6' title="bbox 280 3771 521 3792">
     <span class='ocr_line' id='line_1_32' title="bbox 280 3771 521 3792; baseline -0.008 2"><span class='ocrx_word' id='word_1_248' title='bbox 280 3771 521 3792; x_wconf 43' lang='grc' dir='ltr'>Μ--υ--ο</span> 
     </span>
    </p>
   </div>
   <div class='ocr_carea' id='block_1_6' title="bbox 324 3862 802 3934">
    <p class='ocr_par' dir='ltr' id='par_1_7' title="bbox 324 3862 802 3934">
     <span class='ocr_line' id='line_1_33' title="bbox 324 3862 802 3934; baseline -0.004 -18"><span class='ocrx_word' id='word_1_249' title='bbox 324 3865 350 3934; x_wconf 83' lang='grc'>1)</span> <span class='ocrx_word' id='word_1_250' title='bbox 371 3862 411 3916; x_wconf 81' lang='lat' dir='ltr'>Cl.</span> <span class='ocrx_word' id='word_1_251' title='bbox 429 3863 569 3914; x_wconf 82' lang='lat' dir='ltr'>Duentner.</span> <span class='ocrx_word' id='word_1_252' title='bbox 588 3863 606 3914; x_wconf 88' lang='grc'>1.</span> <span class='ocrx_word' id='word_1_253' title='bbox 628 3862 646 3913; x_wconf 94' lang='lat' dir='ltr'>l.</span> <span class='ocrx_word' id='word_1_254' title='bbox 669 3879 694 3930; x_wconf 91' lang='lat' dir='ltr'>p.</span> <span class='ocrx_word' id='word_1_255' title='bbox 713 3863 757 3929; x_wconf 82' lang='lat'>21,</span> <span class='ocrx_word' id='word_1_256' title='bbox 776 3862 802 3916; x_wconf 80' lang='lat'>4.</span> 
     </span>
    </p>
   </div>
   <div class='ocr_carea' id='block_1_7' title="bbox 264 3927 1367 4129">
    <p class='ocr_par' dir='ltr' id='par_1_8' title="bbox 264 3927 1367 4129">
     <span class='ocr_line' id='line_1_34' title="bbox 264 3927 1367 4040; baseline -0.011 -19"><span class='ocrx_word' id='word_1_257' title='bbox 264 4019 267 4029; x_wconf 84' lang='grc'>,</span> <span class='ocrx_word' id='word_1_258' title='bbox 322 3967 351 4040; x_wconf 85' lang='lat'>2)</span> <span class='ocrx_word' id='word_1_259' title='bbox 369 3966 410 4020; x_wconf 84' lang='lat' dir='ltr'>Cl.</span> <span class='ocrx_word' id='word_1_260' title='bbox 429 3966 471 4020; x_wconf 87' lang='lat' dir='ltr'>Jo.</span> <span class='ocrx_word' id='word_1_261' title='bbox 494 3965 587 4035; x_wconf 74' lang='lat' dir='ltr'>Georg.</span> <span class='ocrx_word' id='word_1_262' title='bbox 608 3967 701 4020; x_wconf 87' lang='lat' dir='ltr'>Eccius</span> <span class='ocrx_word' id='word_1_263' title='bbox 721 3967 753 4018; x_wconf 89' lang='lat' dir='ltr'>de</span> <span class='ocrx_word' id='word_1_264' title='bbox 770 3981 851 4020; x_wconf 75' lang='lat' dir='ltr'>uersu</span> <span class='ocrx_word' id='word_1_265' title='bbox 865 3965 907 4018; x_wconf 81' lang='lat'>23.</span> <span class='ocrx_word' id='word_1_266' title='bbox 922 3965 990 4018; x_wconf 83' lang='lat' dir='ltr'>bene</span> <span class='ocrx_word' id='word_1_267' title='bbox 1003 3964 1136 4032; x_wconf 85' lang='lat' dir='ltr'>disputans</span> <span class='ocrx_word' id='word_1_268' title='bbox 1154 3963 1180 4012; x_wconf 89' lang='lat' dir='ltr'>in</span> <span class='ocrx_word' id='word_1_269' title='bbox 1198 3927 1289 4012; x_wconf 74' lang='lat' dir='ltr'>libello</span> <span class='ocrx_word' id='word_1_270' title='bbox 1303 3969 1367 4010; x_wconf 81' lang='lat' dir='ltr'>aca-</span> 
     </span>
     <span class='ocr_line' id='line_1_35' title="bbox 367 4060 921 4129; baseline -0.002 -17"><span class='ocrx_word' id='word_1_271' title='bbox 367 4061 469 4114; x_wconf 85' lang='lat' dir='ltr'>demico</span> <span class='ocrx_word' id='word_1_272' title='bbox 486 4061 556 4129; x_wconf 87' lang='lat' dir='ltr'>Lips.</span> <span class='ocrx_word' id='word_1_273' title='bbox 576 4062 652 4114; x_wconf 79' lang='lat'>1798.</span> <span class='ocrx_word' id='word_1_274' title='bbox 670 4062 748 4114; x_wconf 89' lang='lat' dir='ltr'>edito.</span> <span class='ocrx_word' id='word_1_275' title='bbox 767 4069 832 4128; x_wconf 80' lang='lat' dir='ltr'>port.</span> <span class='ocrx_word' id='word_1_276' title='bbox 851 4061 871 4112; x_wconf 91' lang='lat'>1.</span> <span class='ocrx_word' id='word_1_277' title='bbox 888 4060 921 4112; x_wconf 89' lang='lat' dir='ltr'>ll.</span> 
     </span>
    </p>
   </div>
   <div class='ocr_carea' id='block_1_8' title="bbox 320 4157 1199 4241">
    <p class='ocr_par' dir='ltr' id='par_1_9' title="bbox 320 4157 1199 4241">
     <span class='ocr_line' id='line_1_36' title="bbox 320 4157 1199 4241; baseline -0.009 -23"><span class='ocrx_word' id='word_1_278' title='bbox 320 4165 350 4241; x_wconf 81' lang='lat'>3)</span> <span class='ocrx_word' id='word_1_279' title='bbox 371 4163 411 4219; x_wconf 82' lang='lat' dir='ltr'>ct.</span> <span class='ocrx_word' id='word_1_280' title='bbox 429 4165 570 4220; x_wconf 80' lang='lat' dir='ltr'>Dueutzert</span> <span class='ocrx_word' id='word_1_281' title='bbox 589 4163 673 4218; x_wconf 85' lang='lat' dir='ltr'>liber:</span> <span class='ocrx_word' id='word_1_282' title='bbox 692 4165 807 4234; x_wconf 77' lang='lat' dir='ltr'>Rettung</span> <span class='ocrx_word' id='word_1_283' title='bbox 824 4164 870 4226; x_wconf 87' lang='lat' dir='ltr'>der</span> <span class='ocrx_word' id='word_1_284' title='bbox 886 4163 965 4218; x_wconf 78' lang='lat' dir='ltr'>Arist.</span> <span class='ocrx_word' id='word_1_285' title='bbox 983 4161 1077 4220; x_wconf 71' lang='lat' dir='ltr'>Poetilt</span> <span class='ocrx_word' id='word_1_286' title='bbox 1094 4175 1121 4230; x_wconf 86' lang='lat' dir='ltr'>p.</span> <span class='ocrx_word' id='word_1_287' title='bbox 1140 4157 1199 4212; x_wconf 85' lang='grc'><strong>158.</strong></span> 
     </span>
    </p>
   </div>
   <div class='ocr_carea' id='block_1_9' title="bbox 0 0 1523 4986">
    <p class='ocr_par' dir='ltr' id='par_1_10' title="bbox 0 0 1523 4986">
     <span class='ocr_line' id='line_1_37' title="bbox 0 0 1523 4986; baseline 0 0"><span class='ocrx_word' id='word_1_288' title='bbox 0 0 1523 4986; x_wconf 95' lang='lat' dir='ltr'> </span> 
     </span>
    </p>
   </div>
  </div>
 </body>
</html>
