2976 4986
674 315 918 394 ...40-
1215 341 1234 374 a

247 527 324 594 quae
347 509 545 576 abobsouris
566 507 714 590 Apollinis
735 509 872 590 Delphici
895 508 1027 574 oraculis
1054 525 1116 572 non
1137 503 1259 572 mollum
1281 503 1347 572 dit-a
1393 541 1396 546 Δ

246 622 393 684 l'crebant.
437 618 577 686 Ostendit
598 618 689 700 igitur
709 615 866 695 Horatius,
885 624 1025 698 quantam
1048 617 1108 678 vim
1129 617 1269 680 habuerit
1290 635 1345 680 ar-

245 729 284 790 tis
318 728 452 792 musicae
486 742 668 808 progressus
698 723 738 786 ad
767 723 945 807 tragoediae
974 723 1108 788 chorum,
1129 729 1159 786 et
1175 726 1347 806 ¹quomodo

244 833 294 896 bie
314 833 465 916 paullatim
489 835 529 897 sit
550 832 687 903 exotdtus
708 833 833 914 eiusque
861 849 961 902 sermo
984 849 1002 894 a
1023 829 1133 914 prisea
1145 837 1217 894 arte
1234 850 1346 896 reces-

245 941 328 1002 serit.
348 946 391 1018 ί)
943 925 945 930 ’
1102 997 1104 1002 ,
1253 994 1256 1006 ,
1295 991 1299 1000 .

261 1072 273 1082 ·
327 1048 402 1117 Nec
423 1069 502 1118 vero
517 1054 623 1116 minus
645 1054 680 1114 tn
700 1047 819 1131 [obulo
838 1053 990 1135 satyrico
1013 1048 1105 1133 tapes
1129 1051 1226 1118 naum
1244 1071 1343 1135 yene-

246 1161 297 1224 τῖε
319 1163 479 1242 propriae
499 1166 576 1226 sno
597 1157 830 1242 observandae,
855 1163 899 1233 (v.
924 1157 1113 1236 ultusque
1136 1157 1175 1220 ad
1197 1179 1227 1222 v.
1253 1161 1344 1238 950.)

274 1350 277 1353 ι
329 1263 566 1346 Tragoediamm
586 1266 724 1345 scriptor,
744 1265 885 1329 Horatius
899 1259 1010 1346 porgit,
1031 1270 1065 1326 nt
1077 1263 1217 1344 populum
1232 1267 1343 1330 laetum

244 1377 276 1434 et
297 1365 368 1454 lege
395 1369 524 1434 solutum
555 1370 666 1434 diutius
694 1371 858 1446 retineret,
886 1377 1007 1451 satyros
1035 1378 1174 1454 agrestes
1194 1375 1290 1438 nudos
1308 1376 1341 1437 in

246 1497 391 1544 scaenam
419 1479 536 1542 induxit
560 1486 649 1560 atque
672 1495 783 1569 norum
808 1477 977 1542 fabularum-
998 1497 1096 1562 genus
1127 1481 1260 1560 invenit,
1283 1486 1343 1563 quo

244 1587 329 1653 salva
358 1587 535 1669 tragoediae
564 1589 713 1668 gravitate
742 1593 929 1668 spectatores
960 1589 1038 1652 iocis
1063 1589 1286 1653 oblectarentur
1303 1595 1343 1666 ²).

243 1695 354 1772 venun
375 1702 408 1758 et
426 1694 496 1758 huic
517 1697 627 1777 generi
648 1675 908 1764 accommodatum
930 1710 1102 1760 sermonem
1128 1698 1345 1779 propriumque

246 1803 380 1868 colorem
399 1807 491 1884 poeta
511 1803 603 1865 debet
616 1819 752 1866 servare.
793 1803 905 1868 Fabula
923 1805 1004 1868 enim
1017 1807 1261 1888 satyricaneqne
1277 1813 1345 1868 tra-

244 1910 376 1994 goediae
391 1911 570 1992 gravitatem
583 1917 614 1973 et
634 1911 857 1991 sublimitatem,
880 1929 979 1994 neque
997 1915 1177 1980 comoediae
1192 1913 1347 1982 levitatem

245 2024 277 2082 et
298 2017 492 2083 bumilitatem
514 2021 662 2098 imitetur,
686 2019 741 2082 sed
765 2022 844 2084 inter
863 2027 1018 2102 utramque
1038 2023 1177 2086 mentum,
1191 2020 1345 2103 quoddam

245 2135 357 2213 tenent,
375 2135 503 2208 oportet.
546 2127 663 2203 Quodsi
692 2130 818 2194 eaedem
839 2147 1010 2210 personae,
1033 2149 1110 2211 qame
1130 2132 1162 2194 in
1182 2128 1345 2211 tragoedia

246 2236 345 2316 aliqua
367 2235 459 2300 modo
482 2253 604 2318 graves,
625 2254 750 2300 severas
773 2245 811 2300 ao
832 2238 975 2304 sublimes
998 2239 1124 2304 deorum
1144 2237 1195 2303 vel
1215 2237 1345 2300 beroam

245 2351 349 2426 partes
370 2351 519 2428 egerunt,
542 2346 574 2408 in
596 2343 697 2408 sabaria
717 2347 849 2427 satyrica
873 2347 1045 2428 prodeunt,
1067 2365 1168 2428 neque
1189 2345 1292 2412 bamili
1313 2351 1347 2408 ct

202 2528 204 2538 ,
245 2451 366 2533 plebeio
383 2469 535 2529 sermone,
556 2469 655 2532 neque
675 2453 788 2516 tumido
810 2459 840 2514 et
861 2453 963 2518 inllato
985 2455 1107 2520 dicendi
1121 2473 1238 2538 genere
1254 2461 1366 2542 ulan--⁸

245 2567 311 2640 tur,
335 2561 392 2624 sed
416 2560 447 2644 in
470 2561 536 2641 ipso
557 2559 689 2623 ludendo
712 2560 905 2644 iocandoque
919 2560 1095 2644 dignitatern
1109 2562 1261 2644 quandam
1275 2581 1347 2646 ser-¹

245 2676 328 2733 vent.
371 2668 570 2752 Tragoediam
605 2686 680 2731 vero
712 2686 774 2730 non
807 2667 897 2732 decet
924 2669 1009 2732 leves
1038 2669 1191 2734 blaterare
1219 2687 1346 2748 versus;

175 2803 177 2808 ·
246 2797 341 2862 qnare
362 2780 481 2860 satyri,
503 2784 535 2840 ut
557 2785 694 2841 matrona
721 2776 806 2840 sestis
831 2777 938 2841 diebus
968 2780 1080 2842 saltare
1107 2780 1216 2859 iussa,
1241 2755 1277 2840 in⁸
1294 2777 1345 2841 illa

245 2885 374 2968 paullum
422 2885 595 2968 pudibunde
632 2884 782 2967 prodeant
823 2903 861 2948 ac
900 2886 1075 2949 verecunde
1118 2887 1277 2967 loquantur
1302 2890 1339 2964 ³).

244 2995 410 3078 Equidem,
439 2993 579 3058 Horatius
602 2995 716 3076 inquit,
738 2995 764 3057 si
784 2992 914 3056 fabulam
937 2997 1100 3079 satyricam
1122 2995 1254 3060 scribere
1272 2995 1342 3058 vel-

245 3105 316 3184 lem,
335 3122 397 3168 non
422 3104 519 3169 solum
541 3106 697 3184 inornatis
710 3123 746 3167 ae
768 3104 898 3185 propriis
912 3104 1015 3167 verbis
1032 3110 1152 3184 uterer,
1176 3103 1232 3176 sed
1254 3103 1343 3166 etiam

248 3213 351 3277 darem
372 3231 514 3296 operam,
535 3219 568 3275 ut
596 3213 676 3276 inter
703 3212 852 3293 plebeium
882 3213 1034 3276 bominem
1056 3221 1201 3293 (nequam
1223 3229 1344 3275 servum

249 3329 281 3386 et
300 3329 428 3385 astutam
450 3321 621 3400 mulierem)
642 3327 730 3400 atque
747 3338 872 3402 gravem
892 3327 923 3383 et
938 3321 1058 3404 dignam
1074 3338 1245 3402 personam,
1268 3338 1347 3402 qua-

245 3429 283 3491 lis
304 3435 498 3490 est-severus
516 3427 565 3488 dei
582 3433 684 3489 custos
703 3433 733 3488 et
753 3427 908 3506 educator,
928 3426 1251 3491 multum'interesset.·
1280 3427 1346 3492 Hoo

245 3537 338 3620 igitur
358 3535 449 3598 modo
473 3553 512 3598 ex
532 3540 604 3596 noto
630 3541 806 3618 argumento
830 3551 942 3599 novam
963 3535 1093 3602 sannam
1115 3543 1174 3600 tam
1203 3535 1286 3598 sacili
1310 3555 1346 3600 ac

254 3705 541 3723 ——nun——ffl

271 3777 746 3855 't)0t.cic.1,egg,tt‚15‚³8.
832 3817 834 3823 2

303 3891 339 3962 2),
350 3889 390 3944 Dc
410 3892 522 3957 satyrica
542 3889 697 3942 Graecorum
717 3888 805 3941 fabula
822 3890 892 3956 vide,
911 3905 978 3960 quae
995 3898 1074 3944 totam
1091 3907 1145 3945 rem
1158 3887 1346 3953 lereabsolvit,

347 3987 480 4053 egregiam
498 3985 629 4038 Welelieri
648 3987 866 4052 disputationem..
909 3991 911 3996 ’

299 4091 329 4164 3)
349 4090 423 4142 Hune
441 4090 526 4142 locum
551 4091 584 4141 ab
601 4090 727 4143 Arnoldio
747 4105 798 4143 non
819 4089 990 4155 intellectum,
1001 4091 1042 4150 ‚ab
1051 4089 1151 4144 Orellio
1171 4089 1239 4144 bene
1258 4089 1347 4162 expli-

349 4193 434 4240 catum
453 4201 512 4240 esse
529 4194 602 4240 recte
620 4185 770 4241 observarit
781 4187 904 4240 diadem.
926 4185 959 4240 11.
978 4202 1004 4256 p.
1024 4185 1049 4240 6.
