2976 4986
681 317 901 385 ..g-

234 489 475 569 'cinnamomo
500 503 614 568 reiecta
637 493 700 569 iutrov
728 517 850 568 carmen
884 505 1079 566 severissimo
1102 510 1192 585 atque
1212 510 1351 572 exactis-

248 616 325 677 simo
347 597 455 677 ordine
478 598 650 677 coniectum
670 613 850 696 praecipuas
864 611 983 674 'tanurnr
1004 612 1183 676 etmaxime
1207 631 1348 680 eommu-

239 729 301 784 'nes
331 723 404 784 artis
426 724 567 804 poeticae
595 723 681 805 leges
703 721 848 784 exhibere
870 720 1034 785 contendit.
1080 718 1262 803 Quamquam
1285 723 1348 804 igi-

246 837 296 894 tur
315 829 347 892 nt
372 848 492 912 quoque
513 832 570 919 viri
599 831 681 894 docti
704 834 735 894 in
759 832 818 894 hoc
840 835 981 913 poemate
1002 829 1226 908 interpretando
1247 829 1346 892 vehe-

245 923 364 1002 menter
386 928 547 1018 errarunt,
568 943 694 1018 tamen,
711 956 800 1022 quum
828 941 859 1001 in
892 957 931 1001 eo
961 937 1185 1000 sententiarum·
1208 936 1345 1000 ordinem

240 1033 416 1111 ‚ao'seriem
438 1048 620 1127 invenirent,
646 1039 800 1111 Horatium
822 1047 861 1110 ab
884 1047 1046 1128 opprobrio
1070 1045 1132 1124 illo,
1153 1045 1234 1127 qnod
1254 1061 1349 1126 prae-

247 1164 346 1238 cepta,
369 1173 448 1237 quae
468 1158 534 1238 ipse
555 1155 690 1235 dederat,
712 1156 961 1219 obseruarenon
982 1155 1122 1237 potuerit,
1141 1153 1315 1216 liberarunt.

330 1259 390 1328 ta'rn
420 1267 557 1346 seqnitur
579 1269 684 1327 eorum
706 1260 899 1347 interpretum
920 1263 1097 1340 multitudo,
1119 1262 1169 1342 qui
1192 1262 1347 1326 Horatium

245 1374 397 1456 peculiare
418 1373 568 1455 quoddam
590 1374 620 1437 in
633 1375 691 1437 trac
707 1375 834 1457 epistola
849 1371 1009 1438 scribenda
1033 1369 1190 1433 consitium
1212 1370 1348 1432 secutum

246 1499 316 1545 esse
329 1499 434 1546 omnes
449 1489 628 1565 agnoscunt,
643 1483 739 1546 sedin
752 1483 811 1545 noo
826 1482 954 1545 consilio
969 1479 1140 1543 definiendo
1152 1477 1350 1574 vehementer

248 1591 305 1670 ipsi
328 1591 406 1652 inter
426 1607 460 1653 se
475 1589 656 1670 discrepant.
700 1591 813 1653 Horum
838 1589 917 1652 enim
939 1589 1001 1667 alii,
1023 1595 1055 1650 ut
1074 1585 1239 1664 Hactenus,
1259 1585 1349 1648 Hur-

247 1699 316 1760 dt'ns
349 1705 379 1760 et
413 1697 575 1779 Enpetica,
595 1699 654 1760 troc
677 1715 797 1760 cannen
822 1699 861 1761 ad
882 1698 1085 1762 Romanorum
1112 1695 1228 1758 tabutas
1252 1695 1349 1759 easti-

248 1803 366 1886 gandas
387 1811 417 1866 et
447 1808 554 1884 poetas
584 1805 745 1866 scaenicos
767 1803 969 1886 exagitandos
1001 1805 1142 1884 scriptum
1170 1819 1240 1866 esse
1262 1804 1348 1867 arbi·-

242 1919 362 1974 trantur
376 1919 411 1990 ¹).
455 1913 515 1974 Atii
545 1919 642 1978 autem
669 1913 822 1975 Horatium
849 1912 880 1974 id
901 1911 1087 1994 potissimum
1110 1912 1213 1992 egisse
1233 1919 1348 1993 putant,

246 2027 278 2081 ut
299 2020 417 2084 Pisonis
443 2021 536 2101 patris
567 2019 707 2102 precibus
731 2027 883 2101 pennotus
904 2021 994 2083 titium
1018 2021 1083 2082 eius
1107 2023 1348 2085 mundiorem

216 2181 220 2187 ,
246 2128 421 2190 aversibus
451 2127 600 2191 faciendis
621 2127 790 2190 deterreret
810 2128 955 2209 simulque
979 2127 1142 2210 aequales,
1169 2130 1280 2212 quippe·
1297 2133 1349 2212 qui

248 2235 359 2300 eodem
376 2235 689 2314 morbotaborarent,
710 2239 937 2318 perstringeret.
969 2237 1034 2300 Huc
1053 2242 1175 2318 praeter
1187 2235 1350 2317 aliosper-

250 2336 351 2405 tinen't'
360 2343 556 2406 Secedamus
570 2350 601 2405 et
625 2343 849 2422 Wtetundtue).
872 2345 932 2408 Atti
945 2345 1076 2427 denique
1092 2345 1216 2407 Horatio
1231 2361 1349 2426 propo-

129 2509 136 2526 ,
211 2541 213 2548 Ι
251 2451 340 2546 situm
357 2451 451 2514 fnisse
469 2451 583 2529 dicunt,
602 2457 635 2514 ut
646 2451 744 2514 malos
757 2455 866 2533 poetas
878 2453 908 2514 in
923 2453 1096 2515 universum
1110 2454 1283 2535 castigaret,
1299 2453 1351 2514 ni-

248 2555 344 2626 ‘mium'
378 2580 452 2624 suae
488 2564 596 2626 aetatis
627 2565 768 2626 ve'rsuum
790 2564 1018 2646 pangendorum
1039 2563 1168 2628 studium
1191 2565 1352 2628 coerceret

250 2677 339 2752 atone
363 2671 404 2733 ad
432 2673 504 2734 artis
525 2679 686 2752 praecepta
710 2672 934 2750 traducerent).

335 2780 433 2840 Primo
453 2780 545 2860 igitur
560 2780 630 2841 ioco
646 2777 781 2841 Horridus
795 2783 845 2856 ηε
866 2777 1088 2860 Hammonium,
1110 2779 1213 2860 inquit,
1235 2775 1350 2838 cormi-

251 2883 300 2944 ca'a
323 2901 415 2944 onom
435 2889 500 2958 est,
522 2883 647 2963 sabatae
668 2883 825 2946 Romanae
844 2883 1001 2958 condicio,
1023 2903 1080 2964 quo
1110 2902 1144 2947 re
1173 2883 1302 2947 Boaieri
1319 2887 1351 2962 ⁵)

254 2991 416 3056 iudicium:
439 2991 546 3056 Soatra
573 2991 649 3056 doec
678 2999 724 3056 eat
752 2992 786 3056 in
815 2991 866 3056 roi
895 2991 1011 3055 soeculi
1036 2997 1157 3075 poe'too,
1182 2988 1352 3074 praecipue

350 3298 456 3368 doitung
476 3300 502 3352 in
530 3299 573 3352 die
594 3301 748 3364 destinauit,
773 3300 814 3352 itu
831 3298 945 3352 Schnlen
962 3299 1015 3353 und
1037 3296 1172 3352 manutere
1200 3295 1354 3368 tiberhaupt.

358 3396 414 3447 Von
431 3395 533 3462 Arrgust
550 3395 658 3449 Arnold.
677 3394 792 3448 Berolini
813 3392 889 3446 183&
987 3459 990 3466 Ι
1092 3419 1095 3426 ’

310 3501 336 3566 1)
356 3498 397 3552 ct.
415 3499 545 3552 scienter.
567 3513 593 3566 p.
611 3497 644 3552 31
660 3511 717 3568 sqq.

200 3603 202 3610 ’
312 3602 340 3672 2)
362 3601 402 3655 Gi.
424 3601 485 3654 ibid.
505 3618 531 3669 p.
550 3601 586 3654 38
605 3619 662 3670 sqq.

309 3704 338 3774 3)
357 3705 397 3756 Gi.
419 3705 481 3757 ibid.
502 3721 529 3774 p.
547 3705 583 3758 49
607 3722 665 3776 sqq.

310 3810 339 3882 d)
359 3809 490 3860 Horazens
503 3809 620 3876 Epictetn
635 3826 667 3862 an
685 3795 728 3862 die¹
747 3809 859 3866 Pisonen
877 3808 929 3859 und
949 3821 981 3858 an
1002 3806 1196 3886 denitugdstns
1214 3805 1259 3855 mit
1277 3805 1357 3856 Conr-

358 3911 458 3954 mentar
474 3903 527 3954 und
544 3906 747 3972 Anmertrunpen
766 3904 842 3956 nebat
860 3905 964 3970 einigen
986 3900 1127 3952 initioehen
1145 3898 1354 3966 Abhandiungen

361 4013 413 4049 ven
433 3999 463 4051 tt.
481 3999 560 4052 Hurd.
589 4001 646 4052 Aur
661 3998 957 4067 tentamentorum
977 3995 1030 4047 und
1047 3997 1093 4047 mit
1113 3994 1224 4059 eigenen
1242 3995 1356 4047 Arrrner-

342 4093 464 4160 -daungen
485 4094 611 4163 begieitet
631 4110 682 4148 von
700 4095 721 4148 1.
740 4093 760 4146 1.
778 4093 957 4161 Hachenbarg.
976 4092 1078 4162 Lipsiae
1097 4087 1175 4141 1772.

312 4197 340 4270 5)
363 4197 390 4250 tn
410 4197 511 4254 Baxteri
530 4197 643 4253 editione
661 4215 687 4268 p.
706 4197 749 4252 36.
771 4198 824 4272 (ed.
843 4197 946 4270 Bothe).
