2976 4986
675 362 822 460 ...qu
872 399 919 414 ..

250 557 328 636 quit,
356 553 467 618 nultum
497 557 605 636 poema
626 553 783 634 probetis,
806 557 876 635 quin
900 555 939 618 ad
961 569 1106 617 summam
1130 545 1352 634 perfectionem

249 683 344 747 usque
368 665 490 746 potitum
512 656 551 726 sit
565 671 603 741 ¹),
626 665 666 726 ita
690 670 722 726 ιιι
745 682 763 726 a
784 664 878 727 Musis
900 665 973 745 ipsis
996 657 1142 725 caelatum
1159 662 1354 726 essevidea-

162 835 164 842 .
249 776 307 832 tur.
349 767 392 832 m
407 785 482 832 vero
496 769 728 844 tantaunobest,
750 777 784 833 ut
803 771 900 833 nostri
926 773 1036 850 poetae
1056 787 1119 832 non
1141 775 1202 833 tam
1223 773 1353 855 ingenii,

246 895 335 958 quarn
370 877 547 940 eruditionis
577 883 718 958 expertes
750 879 789 941 ad
818 877 953 943 carmina
977 877 1138 941 condenda
1160 879 1291 942 studium
1318 888 1350 944 et

246 985 382 1065 laborem
407 984 590 1065 adhibeant,
614 993 646 1048 ut
667 987 833 1050 Democriti
862 986 943 1049 dicto
960 993 1004 1063 Τι’
1023 985 1090 1048 stae
1114 985 1225 1066 sorore
1242 1006 1352 1076 poema

246 1109 339 1172 qoam
356 1097 480 1172 paetum
508 1105 649 1174 mopnum
681 1111 749 1156 esse
777 1111 873 1173 posse
909 1094 1049 1176 negantis
1072 1089 1232 1158 abutentes
1256 1103 1351 1160 artem

248 1209 442 1266 contemnant
472 1220 510 1267 ac
541 1203 624 1266 multi
659 1203 761 1266 divino
791 1203 842 1266 illo
873 1203 976 1266 furore
1008 1202 1077 1266 freti
1098 1204 1129 1266 in
1154 1201 1346 1268 solitudinem

247 1328 318 1376 sese
340 1311 487 1392 recipient
506 1317 536 1372 et
559 1325 694 1372 summae
711 1308 917 1391 negligentiae
937 1309 1070 1390 speciem
1093 1310 1345 1416 praeseferen-

248 1428 295 1484 tes
315 1424 425 1501 poetae
447 1433 557 1482 nomen
580 1418 742 1480 adfectent.
787 1417 864 1492 Quid
881 1417 1002 1480 'multat
1020 1405 1240 1479 'lnsanissimus
1261 1417 1346 1497 quis-

248 1547 307 1610 que
328 1529 456 1608 optimus
476 1531 567 1608 poeta
590 1509 648 1591 sibi
672 1519 799 1590 videtur.
841 1526 908 1589 Hoc
931 1526 1023 1608 igitur
1042 1524 1113 1588 loco
1134 1525 1276 1589 Horatius
1289 1543 1349 1588 ve·-

248 1635 406 1698 lrementer
423 1639 531 1716 poetas
556 1635 668 1716 carpit,
690 1638 740 1716 qui
763 1635 836 1697 artis
859 1634 996 1698 doctrina
1016 1633 1157 1716 neglecta
1178 1632 1273 1696 solitus
1297 1635 1350 1695 in-'

250 1743 333 1825 genii
351 1760 408 1823 ope
429 1747 539 1823 poetae
560 1743 666 1805 haberi
687 1743 799 1806 volunt.
844 1742 923 1816 Quid
944 1761 1019 1804 vero
1042 1743 1073 1804 in
1094 1745 1185 1823 poeta
1207 1741 1266 1803 hoc
1288 1760 1351 1803 nc-

250 1849 332 1912 mine
362 1850 454 1932 digno
483 1849 628 1930 requirat,
653 1851 683 1912 in
704 1851 766 1914 Set.
781 1849 811 1929 J,
832 1847 864 1928 4,
885 1849 927 1912 40
950 1868 1015 1930 sqq.
1039 1857 1070 1914 et
1096 1851 1170 1914 alias
1191 1849 1346 1911 indicavit.

250 1958 335 2032 Quos
365 1957 489 2040 quidem
518 1959 642 2020 insanos
671 1961 778 2037 poetas
806 1958 917 2021 imitari
936 1959 963 2021 si
984 1959 1110 2037 vellem,
1139 1959 1249 2038 optima
1272 1959 1349 2019 sane

248 2067 387 2145 poemata
412 2062 587 2141 conderem,
607 2071 804 2126 veruntamen
827 2063 906 2126 hanc
927 2063 1049 2127 ,laudem
1071 2065 1138 2127 aliis
1159 2064 1248 2127 tacite
1267 2083 1349 2127 con-

250 2171 340 2236 cedo.
383 2170 498 2245 Quodsi
520 2173 641 2252 poetico
663 2172 787 2253 ingenio
810 2181 951 2252 caream,
976 2190 1075 2254 neque
1099 2173 1261 2254 quidquam
1283 2174 1349 2253 ipse

250 2279 310 2341 iem
331 2280 495 2358 scripturus
508 2257 583 2340 sim:
602 2285 700 2342 tamen
723 2279 801 2340 bene
820 2279 973 2342 scribendi
987 2288 1147 2360 praecepta
1170 2279 1243 2342 dare
1259 2286 1351 2362 atquo

134 2465 141 2476 ι
252 2386 319 2448 istis
338 2387 436 2466 poetis
460 2386 623 2449 ostendere
645 2393 752 2467 potero
773 2389 920 2468 primurn,
950 2388 1102 2468 quomodo
1125 2407 1142 2449 a
1162 2391 1254 2469 poeta
1277 2405 1352 2450 sen-

249 2495 454 2572 tentiarumet
471 2495 634 2558 verbomm
662 2496 749 2576 copia
773 2497 941 2577 comparari
962 2499 1059 2576 possit
1088 2505 1133 2575 (v.
1158 2495 1221 2558 309
1243 2505 1346 2576 sqq.);

250 2599 383 2681 deinde,
407 2603 514 2686 quibus
537 2604 643 2668 studiis
665 2606 818 2686 ingenium
853 2605 892 2668 ad
912 2604 1106 2667 scribendum
1127 2603 1239 2668 debeat
1257 2623 1352 2686 prae-

249 2712 350 2790 parari
373 2719 418 2789 (v.
438 2710 500 2774 33ss
521 2719 620 2793 sqq.);
644 2712 886 2794 denique,.quo
911 2712 1040 2776 studium
1062 2719 1093 2776 et
1116 2711 1189 2774 artis
1212 2712 1351 2776 doctrina

251 2825 297 2896 (v.
320 2815 381 2880 391
402 2825 484 2898 sqq.)
504 2825 535 2883 et
556 2838 616 2901 quo
642 2821 707 2884 eius
730 2822 901 2902 ignorantia
923 2818 1014 2882 ducat
1035 2829 1080 2900 (v.
1101 2819 1164 2884 416
1187 2829 1279 2900 sqq).

334 2924 452 3012 ltaque
470 2926 515 2992 od
535 2925 615 2992 bene
633 2927 847 3012 scribendum
866 2947 930 2992 non
953 2933 1042 2993 sotis
1065 2935 1120 2994 est
1146 2931 1269 3014 poetici
1288 2926 1344 3008 so-

252 3037 345 3100 rords
367 3037 513 3117 speeiem
535 3054 678 3118 praese
699 3035 813 3117 serre,
835 3037 897 3101 sed
917 3035 1144 3121 philosophice
1165 3041 1349 3121 copatione

251 3159 295 3208 ue
318 3142 470 3226 dittpenti·
496 3148 583 3210 vitoe
617 3157 803 3231 morumque
827 3145 1102 3229 contemplatione
1122 3165 1206 3233 opus
1222 3152 1283 3211 est.
1306 3153 1351 3220 (-

251 3247 324 3312 305.
345 3265 441 3328 usque
462 3247 501 3311 ad
523 3248 611 3327 399.)
1192 3241 1195 3248 ’

334 3357 456 3420 Minime
470 3374 549 3424 ¹vcro
562 3360 680 3438 potitae
701 3356 812 3418 sufficit
833 3357 975 3434 insanire,
999 3356 1139 3420 Horatius
1159 3360 1262 3438 inquit,
1283 3352 1352 3436 sod,

250 3465 423 3548 priusquam
455 3483 519 3527 rem
548 3466 698 3546 poeticam
729 3465 960 3546 aggrediamur,
983 3466 1149 3545 sapiemus,
1171 3467 1201 3527 id
1224 3473 1292 3542 cst,
1313 3467 1352 3528 dc

252 3573 391 3636 omnibus
419 3575 511 3636 rebus
542 3581 626 3636 recte
658 3575 771 3638 sentire
796 3581 826 3636 et
858 3573 994 3636 iudicare
1027 3573 1198 3636 studeamus
1214 3580 1349 3652 oportet.

251 3680 336 3744 Haec
358 3686 405 3742 est
427 3681 508 3742 enim
530 3678 596 3743 sole
619 3685 703 3742 recte
725 3679 878 3742 scribendi
900 3680 970 3758 via,
993 3696 1080 3761 quarn
1104 3680 1352 3772 philosophorum

251 3848 555 3867 ⁸⁸·-·—·—-—-——-

307 3938 334 4002 1)
351 3937 381 3987 V.
401 3935 461 3988 294.
481 3935 520 3988 Cf.
540 3935 637 4001 Oceli,
655 3938 698 4006 qui
719 3936 857 3989 lectionem
876 3931 1019 4008 perfectum
1034 3898 1152 3990 defendit
1177 3943 1203 3987 et
1223 3935 1291 3986 bene
1308 3935 1351 3986 in-

358 4035 530 4102 terpretatur]

305 4134 336 4206 2)
353 4133 393 4185 Ct.
413 4133 467 4185 Cic.
486 4135 572 4188 Divin.
593 4137 666 4202 1,37.
687 4127 908 4203 monetque.
928 4145 953 4191 et
974 4137 1120 4224 ΙιιιίιιειιίιιιΙ
1140 4139 1242 4212 quaest.
1260 4146 1349 4216 scaen.

358 4229 378 4280 t.
396 4244 422 4297 p.
448 4228 487 4280 18.
1257 4247 1261 4252 .
