2976 4986
680 297 926 386 ..46-

173 527 176 532 ·
258 501 360 568 rneris
370 497 531 579 absolun
542 513 621 581 qaae
635 497 675 560 nd
692 499 898 579 posteritatem
910 500 1099 582 perveniant,
1121 503 1269 582 perlicere
1283 521 1361 587 pos-

256 614 338 674 suat.
843 679 871 700 Ι,

258 727 262 734 “
343 715 440 798 θεαὶ
459 719 492 782 si
512 723 614 800 podia
635 717 774 802 adsequi
795 723 829 782 et
843 717 996 783 omnibus
1016 717 1154 802 maborl
1175 721 1275 802 velit,
1302 724 1360 790 do-

254 845 338 894 cere
353 823 461 892 'daal
480 831 516 890 et
537 824 707 890 auctum
728 807 843 890 debet
879 831 923 902 (v.
945 823 1007 887 333
1031 841 1128 906 usque
1152 827 1307 905 adsto.)

278 992 283 1000 .
340 931 523 1012 interpretes
544 929 609 993 lere
631 949 737 994 ornnes
766 930 919 996 hocloco
950 931 988 996 de
1016 933 1111 997 tribus
1133 937 1238 1016 poesis
1258 957 1359 1021 qene-

225 1088 230 1096 .
255 1039 341 1106 ribus
364 1039 517 1121 cogitant,
548 1039 630 1120 quod
656 1038 729 1102 mihi
761 1039 881 1104 videtur
910 1057 980 1104 esse
1012 1042 1051 1104 ab
1080 1042 1196 1106 lioratii
1228 1047 1357 1110 consilio

257 1165 384 1228 prorsus
405 1146 544 1210 alienun.
593 1147 668 1220 Nam
691 1147 867 1210 desummo
891 1150 995 1228 poesis
1016 1149 1147 1218 consilio
1172 1155 1203 1210 et
1226 1151 1286 1215 line
1307 1153 1357 1216 lo-

257 1257 367 1336 quitur,
389 1273 478 1336 quent
500 1256 526 1318 si
545 1255 692 1335 consequi
708 1255 803 1318 velint
821 1255 932 1336 poetae
956 1253 1054 1336 atque·
1068 1254 1200 1319 omniurn
1215 1258 1354 1341 suffragia

232 1364 351 1442 terre,
371 1339 525 1424 utilitaten‘r
548 1378 614 1427 cunr
638 1359 840 1424 delectatione
860 1361 897 1424 iis
919 1363 1162 1444 coniungendam
1183 1381 1251 1426 esse
1273 1383 1351 1428 con-

255 1470 363 1544 tendit.
406 1470 472 1536 Hoc
493 1467 590 1532 modo
605 1467 771 1545 surculum,
796 1485 855 1548 qno
876 1467 928 1531 hie
949 1470 1034 1534 locus
1057 1489 1124 1534 cnm
1147 1475 1355 1538 antecedenti-

254 1580 313 1645 bus
337 1578 504 1656 cohaeret,
527 1575 615 1641 facile
638 1576 840 1657 perspicitur..
869 1576 1010 1641 Horatius
1037 1579 1129 1661 igitur
1149 1583 1257 1662 triplex
1277 1588 1357 1663 poi-

255 1685 475 1766 armanellus,
496 1703 585 1766 quara
608 1684 702 1766 ipsius
724 1686 827 1765 poesis
846 1701 946 1766 genus
960 1687 1147 1770 distinguens
1168 1691 1229 1771 alli,
1252 1694 1357 1774 inquit,

242 1794 387 1884 docere,
409 1794 460 1857 aiii
476 1791 655 1870 delectare,
677 1790 728 1854 alli
749 1793 880 1872 deam
903 1791 1016 1854 docere
1040 1793 1127 1857 sirnui
1151 1803 1182 1858 et
1203 1797 1356 1863 delectare

255 1902 369 1970 volunt.
417 1900 518 1964 Poetis
549 1905 650 1964 autern
672 1899 755 1962 utilia
779 1901 860 1962 vose
887 1907 1049 1982 praecepta
1079 1902 1192 1968 daturis
1213 1906 1356 1972 Horatius

254 2010 432 2082 brevitatem
463 2007 607 2089 imprimis
632 2006 841 2087 commendat,
864 2014 918 2087 ut,
948 2027 1026 2090 quae
1042 2010 1192 2090 doceant,
1215 2013 1358 2102 celeriter

252 2095 464 2201 percipiantur.
483 2121 514 2176 et
535 2115 626 2178 facile
649 2116 796 2178 memoria
818 2125 995 2198 serventur,
1019 2137 1107 2200 quum
1130 2137 1355 2201 supervacanea

253 2228 357 2294 carnia
375 2234 526 2306 tanquam
548 2241 569 2290 e
595 2224 686 2314 pleno
710 2213 943 2289 vase'effluant.
957 2233 988 2306 11)
1029 2228 1116 2302 Quae
1145 2227 1355 2294 delectationis

252 2352 349 2399 causa
371 2333 543 2414 linguntur,
566 2331 607 2396 ad
628 2333 710 2398 vitae
730 2335 887 2396 veritatem
906 2335 1046 2415 proxime
1068 2333 1234 2414 accedant,
1255 2355 1354 2418 nequa

255 2450 381 2515 naturae
415 2441 598 2509 contrarium
623 2442 737 2523 aliquid
763 2443 926 2526 exhibeant
957 2447 1086 2525 oportet.
1136 2441 1238 2508 liebus
1275 2447 1354 2510 eninr

256 2547 340 2610 lalsis
364 2565 401 2609 ac
422 2553 548 2610 naturae
574 2550 735 2612 contrariis
765 2551 882 2614 animus
908 2550 1061 2614 oblectari
1091 2554 1211 2634 nequit·
1259 2555 1354 2628 Quurn

258 2667 333 2720 vero
356 2672 420 2722 non
441 2671 548 2720 ornnes
573 2655 681 2718 eaden
702 2655 887 2720 admirentur
902 2639 940 2718 ¹et
961 2663 1077 2738 ament,
1091 2653 1118 2738 2)
1141 2658 1198 2720 sed
1217 2657 1355 2724 homines

254 2769 357 2832 aetate
378 2764 517 2845 provecti
539 2779 576 2826 ac
597 2780 710 2844 graves
737 2761 853 2826 ludicra
879 2763 1019 2844 poenuta
1041 2773 1185 2848 respuant
1206 2773 1237 2828 et
1263 2767 1352 2830 seriis

254 2874 383 2938 utilitate
405 2871 502 2954 plenis
524 2870 680 2949 studeant,
698 2872 832 2934 iuniores
854 2879 952 2934 autern
975 2873 1044 2938 elno
1073 2880 1105 2936 et
1131 2876 1249 2956 superbi
1269 2875 1350 2938 seria

252 2989 290 3044 -et
317 2981 423 3064 gravia
446 2987 656 3045 contemnant:
684 2983 797 3061 poeta,
821 2981 870 3062 qui
900 2981 1116 3044 iucunditatem
1139 3000 1204 3045 cunr
1224 2983 1350 3046 utilitate

253 3092 431 3172 coniungit,
461 3090 594 3170 utrisque
616 3088 784 3150 satisfaciet
803 3081 892 3170 atque
915 3091 1046 3152 omnium
1069 3089 1221 3172 suffragiis
1240 3092 1357 3172 proba-

256 3184 347 3262 oinrr'.
407 3196 511 3270 Qualis
538 3199 649 3276 poetae
680 3211 756 3276 opus
793 3197 931 3258 omnibus
963 3199 1097 3260 numeris
1129 3199 1295 3261 absolutum
1325 3206 1357 3261 et

254 3306 366 3370 mulos
387 3304 511 3370 habebit
532 3309 683 3384 emptores
703 3311 734 3365 et
763 3305 793 3366 in
815 3311 938 3368 exteros
959 3307 1125 3389 portabitur
1145 3311 1242 3370 terras
1266 3314 1297 3370 et
1319 3307 1357 3370 ad

255 3431 377 3478 enatem
395 3413 788 3494 pervenietposteritatern.

357 3522 397 3589 in
427 3521 489 3587 tali
521 3525 622 3606 ipitur
644 3528 814 3605 poemate,
835 3527 871 3586 al
890 3526 925 3588 in
949 3523 1095 3592 ammom
1116 3526 1273 3610 operibus
1295 3527 1352 3594 hrt·

256 3685 553 3703 W

308 3807 335 3874 i)
353 3805 383 3856 V.
393 3803 453 3857 337.
473 3802 616 3866 Bentleius,
637 3818 715 3871 quern
733 3805 893 3858 Sanadoni'us
911 3815 1009 3859 temera
1027 3799 1153 3876 sequitur,
1172 3805 1286 3872 spurium
1298 3815 1358 3854 essa

361 3907 443 3966 putat,
461 3906 488 3950 et
511 3899 615 3964 Vereor,
635 3900 733 3966 inquit,
752 3915 785 3950 nc
805 3901 931 3952 menariae
949 3903 1050 3971 polias,
1070 3919 1146 3970 qaam
1166 3901 1276 3954 iicratr'o
1294 3913 1356 3948 rer-

358 3996 454 4048 siculaa
474 3993 604 4046 deleatur.
647 3995 742 4044 Vernrn
770 3993 802 4044 'ad
827 3994 891 4046 dnos
915 4011 1006 4048 versus
1028 3999 1144 4064 proxime
1173 3992 1359 4047 antecedentes

363 4085 551 4137 confirmandos
568 4086 701 4152 aptissime
719 4077 840 4154 pertinet.
872 4085 911 4139 Gi.
934 4086 1049 4141 Lindenr.

308 4185 336 4256 2)
353 4182 392 4234 ct.
410 4180 476 4250 Epp.
490 4175 523 4242 11,
544 4180 570 4246 2,
585 4179 619 4233 58
638 4195 695 4250 sqq.
