2976 4986
202 1211 347 1278 iioratius
366 1200 579 1296 popularibus,
602 1229 678 1296 quos
703 1229 765 1276 non
786 1215 852 1278 sine
870 1230 979 1298 magna
1002 1217 1092 1279 animi
1118 1215 1222 1299 aegriss

124 1319 228 1385 tudine
258 1320 411 1384 celebrata
424 1325 427 1330 '
442 1319 492 1382 ilia
524 1319 691 1384 Democriti
730 1324 904 1387 sententia:
942 1325 1111 1392 Neminem
1148 1331 1222 1392 sine

125 1429 242 1512 femore
261 1449 406 1513 magnam
428 1435 560 1514 poetam
571 1443 656 1496 «esse
676 1449 778 1514 posse
800 1431 960 1493 abutentes
984 1437 1024 1506 et,
1048 1450 1135 1512 quum
1156 1449 1220 1495 nou

129 1537 260 1614 intonari,
282 1538 338 1599 sed
357 1539 443 1600 nasci
469 1539 590 1616 potitam
613 1537 837 1618 existimarent,
857 1547 951 1601 artem
972 1541 1122 1619 poeticam
1143 1541 1221 1604 iusto

124 1645 221 1708 levius
255 1625 419 1709 tractantes
450 1645 708 1726 deprehenderet:
739 1647 797 1712 hac
823 1647 948 1729 epistula
979 1647 1140 1710 ostendere
1162 1667 1223 1712 vu-

122 1753 197 1832 luit,
224 1760 334 1835 quanto
361 1754 467 1816 labore
490 1755 668 1836 quantisque
702 1755 808 1818 studiis
834 1755 873 1818 ad
904 1773 1017 1836 opera,
1047 1771 1223 1845 quaecum

121 1861 248 1924 Graecis
268 1868 439 1943 comparata
463 1859 501 1924 de
520 1851 703 1943 praestantia
725 1879 761 1924 ae
776 1862 921 1944 dignitate
943 1862 1222 1944 contendere‘pos-

122 1975 210 2044 sent,
239 1969 423 2052 perficienda
455 1987 530 2051 opus
563 1976 654 2033 esset.
706 1964 899 2035 Demonstrat
927 1973 1018 2054 igitur
1040 1968 1120 2051 hoe,
1140 1965 1221 2053 quod

117 2077 212 2143 nobis
232 2079 417 2144 tractandum
436 2079 626 2160 sumpsimus,
647 2079 798 2142 cannino:
1214 2073 1217 2082 '

205 2188 322 2276 Neque
344 2189 641 2276 ingemendum,
661 2209 765 2274 neque
784 2184 930 2254 stodtemt
944 2193 979 2255 ei
992 2191 1080 2254 ortis
1094 2187 1220 2255 doctri·

119 2315 194 2364 nom
213 2302 287 2363 stne
305 2301 433 2382 tepente
451 2315 563 2363 verum
577 2295 715 2380 efficere
734 2305 877 2381 melma,
898 2297 960 2362 sed
974 2297 1116 2362 alterum
1134 2296 1219 2363 olte-

116 2404 192 2472 mae
221 2423 316 2488 opem
333 2403 524 2488 postulare,
549 2423 654 2490 aeque
674 2423 829 2490 anquam,
851 2409 918 2470 atsi
950 2411 1119 2490 unmtaqm
1138 2419 1219 2470 eom·

117 2515 263 2580 inactum
285 2517 341 2594 sit,
363 2531 447 2598 opus
465 2517 665 2598 posteritate
688 2513 816 2597 npnmn
834 2531 936 2597 posse
957 2517 1117 2597 compunt.
1147 2595 1149 2602 Α

197 2619 281 2682 idem
315 2621 381 2682 iere
411 2629 652 2702 argumentum„
668 2623 803 2702 quamvis
828 2621 886 2685 alia
916 2621 1055 2697 ratione,
1085 2617 1116 2680 in
1145 2616 1219 2712 iibri*

113 2729 202 2812 primi
229 2730 326 2794 Satira
358 2728 474 2793 decima
506 2729 543 2792 ab
572 2730 696 2794 Horatio
727 2737 883 2810 tractatum
913 2747 983 2792 esse
1012 2727 1092 2789 bene
1115 2723 1216 2788 ‘Lttios

116 2835 294 2900 observavit
315 2843 352 2914 ¹).
396 2837 484 2911 Quod
517 2838 657 2900 Horatius
690 2839 722 2901 in
753 2839 879 2920 epistola
911 2843 1015 2900 nostra
1044 2833 1092 2897 his
1120 2833 1216 2896 tribus

118 2949 204 3026 quasi
227 2947 399 3028 capitibuS,
433 2956 510 3027 quae
533 2945 684 3008 communi
706 2947 778 3024 artis
800 2945 920 3008 vincuriu
942 2946 1022 3007 inter
1043 2961 1077 3006 se
1101 2941 1217 3007 cohae-

118 3058 205 3128 rent,
230 3057 433 3132 pertractasse
461 3041 534 3113 mihi
554 3051 682 3114 videtur.
725 3037 856 3112 Primum
874 3052 994 3132 quidem
1015 3052 1054 3114 ad
1083 3054 1215 3116 earmina

122 3153 201 3218 bene
221 3159 381 3221 scribenda
412 3165 495 3235 arte,
521 3160 605 3222 euius
637 3158 774 3222 doctrina
796 3175 814 3219 a
835 3157 960 3221 Graecis
982 3159 1147 3250 repetenda
1168 3162 1217 3239 sit,

118 3269 237 3347 poetam
258 3268 396 3350 indigere
418 3267 584 3350 significat,
616 3267 697 3348 quod
721 3267 865 3348 exemplis
886 3267 1043 3328 maximam
1063 3273 1214 3347 parteme

115 3377 278 3439 scaenicae
301 3361 410 3458 poesis
433 3395 548 3460 genere
580 3376 742 3458 desumptis
764 3375 917 3456 probatur.
938 3381 984 3452 (v.
1010 3373 1037 3436 1.
1058 3392 1153 3456 usque
1175 3373 1215 3436 ad

114 3500 144 3545 v.
172 3483 258 3560 152.)
319 3484 437 3548 Deinde
478 3484 517 3547 ad
547 3484 677 3548 fabulam
709 3482 949 3565 componendam
981 3499 1044 3544 non
1073 3479 1216 3544 sufficere

114 3589 242 3654 Graecis
259 3591 469 3673 operandam
485 3593 616 3674 artisque
631 3593 759 3655 scientia
778 3589 915 3672 poliere,
938 3590 993 3652 sed
1006 3592 1096 3653 vitam
1108 3593 1215 3671 ipsam,

128 3756 352 3774 Μ

171 3849 197 3919 1)
215 3847 244 3900 in
263 3849 310 3902 iiia
336 3854 404 3904 enim
426 3857 503 3908 satira
523 3855 643 3908 iioratius
671 3837 761 3908 eontra
780 3841 883 3924 iniquos
912 3854 1100 3906 obtrectatores
1119 3867 1148 3904 se
1168 3853 1216 3906 de-

216 3944 338 3998 fensurus
366 3947 523 4004 demonstrat
545 3953 677 4019 ingenium
704 3951 840 4020 diligentia
859 3961 885 4002 et
915 3949 1019 4000 limandi
1036 3946 1126 3997 labore
1144 3947 1219 3998 adiu-

217 4039 273 4090 vari
295 4045 425 4106 oportere.
462 4040 553 4111 itaque
572 4043 698 4095 Lucilium
714 4045 852 4112 vituperat,
872 4039 941 4112 quod
960 4041 1028 4092 hunc
1041 4039 1156 4091 laborem
1174 4040 1219 4093 iu-

217 4131 304 4198 gerit,
322 4147 408 4203 nequo
425 4133 458 4188 ud
483 4151 549 4204 euru,
570 4151 646 4208 quem
664 4136 773 4206 adsequi
793 4138 929 4205 potuisset,
950 4135 1138 4205 perfectionem
1155 4151 1218 4206 por-7

217 4221 327 4274 venerit
1107 4240 1111 4251 ·
