2976 4986
550 335 771 403 -5-

112 528 248 596 carmine
279 522 520 610 persequendam
551 525 608 589 sibi
642 523 840 608 proposuerit.
898 521 1000 602 ltaque
1026 514 1210 601 tiotaopsetii

113 647 203 721 atquc
225 637 558 719 alionunconrmentc,
589 635 639 716 qui
662 633 828 710 Horatium,
849 631 1020 712 priusquam
1041 628 1121 692 hanc
1143 629 1211 711 epi-

114 745 218 810 stolaan
240 743 418 824 scripserit,
451 759 518 804 curn
541 741 700 806 Pisonibus
724 741 763 803 de
785 742 850 802 eius
872 745 1048 821 argumento
1073 738 1211 803 collocu-

115 862 175 918 tum
190 871 263 918 esse
279 853 450 933 opinantur,
470 847 559 911 valde
579 846 736 927 probanda
759 851 838 923 sunt,
858 863 946 926 quum
966 845 997 908 in
1019 846 1078 908 hac
1096 865 1130 909 re
1145 847 1210 910 sola

114 963 258 1026 carminis
285 961 410 1024 occasio
432 955 612 1040 praerenda'
628 971 698 1016 esse
721 953 867 1016 uideatur.
911 953 1025 1034 Scripta
1046 973 1121 1017 vero
1143 955 1225 1036 epi-⁸

113 1070 193 1134 stola
212 1066 446 1132 nostrauidetur
457 1067 534 1127 iutra
551 1066 654 1126 annos
665 1061 727 1124 743
742 1069 772 1124 et
788 1063 860 1142 745,
880 1063 987 1143 partim
1005 1063 1086 1144 quoi
1098 1081 1211 1128 summa

118 1177 346 1257 compositionis
370 1173 519 1256 perfectio
538 1191 604 1234 earn
628 1173 707 1233 inter
723 1178 875 1251 postrema
894 1170 1011 1232 Horatii
1033 1172 1144 1254 scripta
1158 1191 1213 1234 re-

115 1285 187 1352 lerri
203 1285 295 1364 iubet,
316 1286 423 1366 partim
447 1282 528 1364 quod
549 1281 655 1362 paucis
676 1285 746 1343 ante
766 1281 852 1342 annis
867 1279 984 1343 Pisonis
1007 1278 1058 1341 filii
1080 1271 1212 1343 nondum

114 1395 241 1458 iuuenes
263 1393 404 1474 appellari
427 1395 588 1473 potuerunt
605 1395 641 1468 ¹).
1051 1371 1056 1382 ’
1097 1473 1101 1480 ι

201 1483 271 1582 Sed,
291 1508 323 1564 ut
342 1501 449 1564 redeat
472 1501 585 1576 orello,
604 1499 685 1562 unde
702 1515 826 1580 egresso
848 1505 913 1576 est,
935 1497 1124 1577 quantamvis
1144 1494 1216 1558 licet

116 1609 172 1672 viri
199 1607 280 1670 docti
307 1607 347 1670 de
376 1606 463 1670 huius
497 1605 638 1672 carminis
662 1605 792 1673 consilio
825 1611 856 1666 et
877 1611 1053 1688 argtrmento
1078 1607 1157 1668 inter
1176 1587 1214 1667 ¹so

115 1717 314 1796 dissentiant,
337 1717 460 1783 omniuo
486 1722 586 1777 tanuen
605 1713 745 1776 diversae
772 1729 875 1776 eorarn
903 1715 1075 1776 sententiae
1095 1715 1125 1775 in
1151 1720 1214 1776 tres

113 1832 218 1908 partes
242 1825 434 1888 conueniunt.
451 1903 465 1916 ,
477 1821 538 1886 Alii
557 1824 637 1884 enirn
656 1822 886 1884 scholiastarum
900 1828 1097 1902 veterumque
1110 1840 1216 1904 graun-

113 1936 291 1998 mutiooruun
314 1931 592 2014 opiniones-secuti
624 1929 698 1992 nihil
731 1929 831 2008 atiud,
855 1931 923 1992 nisi·
936 1931 1020 2022 plura
1042 1931 1114 1992 artis
1135 1935 1215 2011 poti-

112 2043 192 2106 tioae
213 2048 374 2122 praccepta
391 2041 459 2103 sine
484 2039 546 2102 ullo
568 2038 675 2102 ordine
692 2045 839 2120 congesta
855 2037 904 2100 iric
927 2041 1134 2102 invenerant.
1160 2037 1213 2100 ln-

111 2153 159 2210 ter
188 2147 245 2210 hos
276 2144 463 2216 numerandi,
486 2151 556 2208 sunt
586 2145 692 2225 Georp.
715 2127 935 2225 Fabricium,
967 2147 1032 2210 luc.
1056 2147 1214 2228 Griselius,

110 2255 201 2318 Dion.
226 2253 412 2331 laubicus,
434 2251 492 2314 lul.
516 2252 604 2316 Coos.
625 2249 781 2333 Scaliger,
807 2252 998 2327 Salmasius,
1032 2235 1121 2318 cert.
1145 2253 1211 2318 loc.

115 2341 252 2436 Vossius,
269 2361 372 2442 plures
385 2356 585 2440 Francogaili,
603 2361 708 2438 ceteri,
723 2375 799 2439 quos
812 2357 995 2423 Streubcms
1007 2363 1160 2426 recensuit
1171 2367 1209 2443 t).

109 2469 243 2544 Quorum
275 2467 411 2532 nonnulli
433 2473 504 2530 tam..
517 2468 618 2548 inepta
647 2474 678 2529 et
699 2473 891 2530 monstruosa
922 2469 1062 2533 leserunt
1084 2471 1208 2551 iudicia,

108 2595 187 2658 quae
218 2593 281 2638 non
311 2576 480 2656 possimus,
512 2577 584 2657 quin
612 2577 780 2638 mirentur.
804 2571 954 2656 Grisotius
996 2580 1098 2641 enirn:
1121 2561 1220 2657 lttad,
1254 2617 1258 2621 -

106 2685 220 2766 inquit,
244 2690 326 2746 certe
350 2683 507 2763 ultimate
526 2701 589 2745 non
609 2683 721 2762 debito,
744 2684 912 2746 ostendisse
932 2704 980 2746 sse
999 2686 1082 2748 locos
1101 2675 1208 2748 llorc'-

106 2793 207 2856 nonos
229 2810 269 2854 oc
289 2797 383 2853 totum
401 2791 468 2872 sere
490 2791 546 2854 troc
566 2810 644 2871 opas
665 2811 705 2854 es
726 2791 901 2854 Aristotelis
922 2797 990 2855 crte
1005 2795 1129 2874 poetica
1148 2795 1204 2856 cle-

107 2907 241 2979 carpum
258 2917 327 2960 esss
338 2903 380 2978 ⁴).
410 2899 596 2964 Lambinus.-
619 2899 672 2962 Sic
696 2900 789 2980 ipitur
805 2899 954 2962 llorcties
968 2900 1000 2962 iu
1019 2901 1080 2962 loo
1092 2901 1134 2963 ael
1150 2899 1205 2962 Pi-

105 3025 199 3070 sones
227 3008 356 3087 epistole
385 3025 479 3086 pacm
497 2999 541 3078 'de
562 3008 644 3070 omni
672 3015 803 3086 poeseos
830 3025 941 3088 ponere
970 3007 1121 3088 disputat,
1143 3016 1204 3070 tum

109 3115 239 3196 macine
267 3117 303 3179 cle
334 3116 490 3179 concertio
517 3123 546 3179 et
574 3117 730 3198 trcpoedio
761 3101 923 3180 utilissicc
945 3124 1115 3197 praecepto
1143 3119 1204 3195 olol,
1240 3174 1243 3182 ,

109 3241 170 3286 non
192 3230 227 3286 ct
243 3224 452 3304 plilcsoplrus,
471 3225 528 3288 secl
546 3233 581 3288 ct
595 3231 690 3306 pollo
712 3230 752 3306 ⁵).
796 3224 983 3306 Scoliperi),
1006 3243 1097 3306 quern-
1115 3227 1203 3289 niuris

106 3331 237 3411 iniquum
265 3317 383 3394 Horatii
410 3349 570 3395 censorem
603 3331 697 3396 luisse
726 3334 800 3396 satis
823 3339 961 3395 constat:
980 3332 1059 3394 Nom
1080 3340 1109 3394 et
1134 3333 1202 3394 llo-

102 3436 201 3500 rotics
226 3439 331 3517 inquit,
355 3446 468 3518 ortua,
499 3457 589 3518 quom
624 3439 811 3519 inscripsit,
826 3439 903 3502 celeo
934 3438 1002 3502 siue
1030 3439 1095 3503 ullo
1115 3439 1202 3502 docet

158 3614 186 3686 1)
206 3611 247 3665 Gi.
266 3612 295 3666 G.
313 3611 448 3664 ltirehneri
467 3611 638 3676 Quaestiones
658 3611 821 3664 Horatianos.
839 3609 982 3680 Numburgi
1003 3608 1079 3664 1834.
1098 3626 1124 3680 p.
1137 3609 1181 3664 39.

153 3716 182 3786 2)
202 3715 241 3768 De
259 3731 288 3768 re
309 3717 412 3783 poetica
433 3715 478 3768 lib.
499 3716 541 3768 Vl.
562 3731 588 3785 p.
608 3715 658 3769 771
678 3733 717 3786 sq.
737 3716 778 3768 ed.
798 3716 868 3784 Lipe.
889 3713 965 3768 1589.

153 3818 183 3890 3)
206 3819 232 3872 P.
257 3819 348 3890 9sqq.
862 3805 864 3810 ¹

154 3921 183 3994 lt)
204 3921 235 3985 Q.
257 3921 318 3974 lior.
346 3923 433 3974 Flacci
455 3923 531 3975 Liber
559 3921 591 3974 ts
616 3924 679 3982 nure
703 3923 807 3976 Poetica
833 3921 884 3975 lact
904 3919 1013 3995 ,Griloiii
1035 3920 1203 3975 Luciarrsnsis

199 4015 415 4084 interpretatione
434 4017 585 4084 explicatus.
606 4014 674 4067 Flor.
695 4015 770 4082 1550,
791 4030 815 4082 p.
836 4013 860 4065 7.

156 4107 183 4178 su)
204 4109 302 4162 sonum.
322 4112 348 4163 in
371 4110 435 4163 Hor.
461 4111 493 4164 tt.
513 4127 537 4179 p.
561 4111 621 4164 548.
643 4110 695 4180 (od.
718 4109 875 4182 Conlucent.)

152 4203 179 4275 o)
202 4205 288 4258 Praei.
311 4207 336 4259 in
354 4207 425 4261 roei.
446 4213 474 4259 et
489 4204 533 4258 tib.
554 4207 595 4260 vt.
615 4223 640 4276 p.
661 4205 722 4259 337.
