2976 4986
693 393 946 464 ..321-

357 581 471 647 llersus
494 580 563 644 136.
586 579 707 646 et137.
729 592 920 664 magnopere
949 587 1160 649 exercuerunt*
1178 581 1370 666 interpretes,

272 692 324 773 qui
346 706 409 754 non
428 691 526 764 minus
550 688 588 784 de
615 692 707 770 poeta
736 689 788 753 illo
819 689 954 772 cyclico,
981 707 1069 772 quam
1100 690 1138 754 dc
1163 691 1268 754 verbis
1296 693 1371 773 ipsis

271 800 353 862 inter
372 815 407 861 se
429 797 616 861 dissentiunt.
661 798 822 872 Quaeritur
842 801 922 862 enim
942 797 1002 864 hoc
1027 799 1117 880 loco,
1140 799 1211 881 quid
1230 799 1373 866 Horatius

271 907 322 983 bis
343 907 446 970 verbis
468 908 617 988 vituperet
644 915 734 988 atquc
754 914 852 972 utrum
874 925 911 970 ea
932 907 971 972 ad
993 909 1071 989 epici
1093 915 1214 972 tantum-
1230 912 1372 974 carminis

272 1015 389 1080 initium
413 1015 576 1080 reserenda
598 1015 690 1095 sint,·
703 1034 743 1080 an
763 1016 851 1082 latius
873 1023 1005 1098 pateant,
1027 1018 1068 1082 ita
1087 1024 1120 1081 ut
1140 1019 1180 1082 ad
1199 1021 1372 1082 scaenicum

266 1141 393 1204 ‚quoque
414 1125 522 1206 poesin
544 1125 722 1204 pertineant.
765 1126 860 1200 Quam
882 1126 985 1190 ultimo
999 1127 1068 1190 loco
1088 1129 1176 1208 po'sui
1190 1130 1371 1190 sententiam

265 1251 376 1299 ueram
398 1251 469 1296 csse
491 1234 580 1296 facilc
601 1233 784 1316 intelligitur.
827 1234 980 1317 Alioquin,
1002 1235 1073 1317 quid
1094 1235 1280 1299 versus143
1305 1253 1369 1318 sqq

268 1343 330 1412 sibi
354 1342 463 1426 velint,
486 1360 547 1404 non
575 1341 730 1424 intelligo,
750 1350 844 1424 ¹atquc
872 1343 981 1407 eodem
1004 1347 1069 1426 iure
1090 1343 1237 1408 Aeneidis
1256 1346 1368 1408 initium

267 1453 433 1532 ¹vituperes.
478 1452 544 1526 Quo
575 1452 666 1534 igitur
692 1452 784 1516 modo
806 1453 899 1516 verba
926 1453 1082 1534 fortunam
1109 1451 1225 1515 Priuerni
1252 1453 1367 1532 reliqua

265 1559 466 1641 intelligenda
487 1562 558 1638 sint,
579 1575 668 1640 quum
690 1577 738 1638 ea,
760 1577 838 1641 quac
861 1563 997 1642 proxime
1021 1545 1371 1642 sequuntur,'indicnnt,

266 1674 331 1740 leun
351 1671 481 1732 maxime
502 1668 710 1750 proverbium:
732 1667 909 1733 Porturient
928 1675 1063 1748 nocctes,
1084 1675 1227 1732 nocemur
1251 1669 1370 1729 nictimi-

268 1777 320 1856 lus
341 1795 419 1854 nme,
437 1778 488 1848 cui
504 1794 612 1844 uersus
633 1775 701 1842 139.
723 1780 891 1859 opponitur.
934 1779 1037 1860 ltaque
1049 1778 1120 1842 'hoc
1140 1778 1210 1843 loco
1225 1795 1288 1841 non
1304 1779 1370 1858 ipsa

267 1885 366 1980 ¹verba
388 1886 477 1954 istius
497 1886 603 1966 cyclici
623 1890 734 1972 poetae
757 1893 788 1950 et
809 1887 936 1968 superba
953 1887 1028 1950 initii
1051 1889 1211 1969 promissa,
1234 1885 1289 1950 scd
1312 1887 1372 1948 im-

271 2009 407 2056 mensam
431 2011 614 2084 rerumluno
637 1997 770 2064 carmine
795 1995 1020 2084 tractandarum
1040 1997 1216 2062 uarietatem
1236 2001 1267 2058 ct
1289 1995 1370 2056 mul-

266 2102 426 2167 titudinem
447 2105 613 2184 vitupcrari
640 2121 748 2167 versus
773 2104 842 2168 137.
864 2105 1005 2168 ostendit.
1057 2105 1121 2179 Qua
1152 2123 1187 2168 rc
1211 2110 1372 2184 carpuntur

269 2215 399 2302 poetae,
424 2212 474 2292 qui
489 2231 623 2295 ,magnos
647 2206 803 2278 instituunt
831 2221 1008 2296 apparatus,
1030 2228 1107 2296 quos
1128 2212 1208 2275 levia
1229 2219 1259 2274 et
1280 2211 1375 2276 iutilia

274 2328 448 2401 sequuntur,
469 2339 558 2402 quum
582 2339 692 2402 magna
714 2309 833 2401 quidem
854 2324 1022 2402 minentur,
1045 2320 1106 2400 scd⁸
1122 2319 1197 2382 nihil
1216 2319 1374 2400 promissis

273 2415 396 2509 dignum
417 2427 582 2510 proferant.
605 2429 758 2492 ,Horatius
778 2431 871 2516 igitur
884 2431 989 2510 positas
1011 2435 1122 2507 monet,
1143 2445 1182 2490 ne
1205 2430 1236 2490 in
1257 2446 1372 2511 prooe-

272 2539 333 2600 mio
354 2539 470 2600 maiora
486 2537 669 2619 promittant,
691 2555 780 2620 quam
801 2537 832 2599 in
850 2553 942 2618 opere
956 2538 1022 2618 ipso
1036 2537 1154 2618 possint
1164 2538 1333 2618 praestare.
1345 2543 1372 2616 ¹)

273 2645 422 2740 Quocirca
444 2644 644 2742 grandiloquo
669 2650 699 2707 ct
720 2646 860 2728 glorioso
891 2644 998 2728 cyclici
1027 2643 1105 2706 illius
1133 2648 1246 2730 poetae
1275 2643 1371 2722 initio,

270 2833 569 2856 ‚nunu-omno„

272 2947 275 2954 ·
331 2938 358 3001 l)
378 2935 528 3004 Lessingius
547 2933 624 3008 (Opp.
636 2941 654 2986 t.
665 2933 701 2988 lll
713 2951 738 3002 p.
747 2921 931 3007 316.'Laclrm.)
949 2933 1101 3001 scriptorem
1114 2915 1298 3008 cyclicum'lroc
1309 2928 1369 2981 loco

272 3031 278 3054 ⁸
381 3035 493 3098 upotta
510 3033 651 3100 vituperari
673 3035 759 3098 putat,
780 3029 849 3099 quod
868 3031 893 3083 in
912 3029 1045 3098 prooemio
1071 3031 1129 3096 ipso
1148 3025 1235 3080 llusac
1259 3026 1371 3078 invoce-

274 3163 278 3174 .
382 3129 454 3178 tione
475 3127 598 3195 neglecta
620 3130 740 3180 carminis
761 3135 940 3196 argrrmentum
966 3125 1117 3195 proclamet.
1153 3123 1258 3178 Rectius
1275 3121 1374 3172 Passo-

383 3224 451 3287 vius,
469 3221 516 3274 Ed.
529 3220 671 3296 ltluellerus
690 3228 715 3272 et
725 3219 840 3274 Orellius
856 3220 976 3271 viderunt
987 3219 1116 3270 Romanos
1131 3221 1222 3286 poetas
1243 3213 1275 3266 ab
1288 3213 1374 3264 llore-

297 3321 300 3330 '
382 3292 418 3368 'uo
437 3319 545 3379 moneri,
564 3329 598 3368 ne
613 3318 638 3366 in
659 3316 781 3390 ambages
800 3314 893 3380 cyclici
912 3313 982 3367 illius
1001 3313 1133 3383 scriptoris
1152 3309 1313 3370 delabantur,
1330 3307 1376 3376 qui

383 3412 416 3466 ab
435 3428 484 3464 ouo
501 3411 587 3462 Ledae
606 3411 712 3479 incipiat
732 3417 758 3460 ct
777 3407 870 3478 plura,
891 3423 966 3477 quam
985 3407 1112 3477 perlicere
1132 3406 1223 3473 possit,
1237 3403 1376 3470 promittat.

381 3505 422 3561 De
441 3507 538 3577 cyclico
558 3511 637 3576 poete
651 3492 812 3572 'interp'retcs
831 3505 886 3572 pari
908 3493 984 3555 m'odo
1013 3503 1081 3554 inter
1100 3517 1129 3554 se
1149 3499 1305 3565 discrepent.
1335 3497 1374 3549 Cf.

382 3601 547 3656 Wcichertus
568 3607 637 3670 poet
657 3599 702 3654 lat.
727 3599 820 3669 reliqu.
840 3615 865 3668 p.
887 3599 940 3653 322
960 3615 1016 3670 sqq.
1039 3606 1065 3650 et
1083 3595 1238 3649 Welckerus
1257 3597 1284 3647 in
1307 3595 1376 3647 libro

283 3681 299 3724 ¹⁵
380 3699 530 3766 praeclaro,
549 3697 593 3766 qui
611 3693 707 3764 Cyclas
727 3699 816 3765 epicos
836 3695 1002 3761 inscribitur,
1020 3709 1045 3764 p.
1066 3695 1117 3747 112
1135 3709 1192 3762 sqq.
1211 3693 1285 3745 vers.
1307 3691 1378 3755 137,

283 3801 292 3808 ”
382 3771 459 3864 quem
478 3793 617 3850 salmasius
636 3807 733 3862 graece
753 3793 791 3845 sic
810 3791 935 3845 reddidit:

282 3897 286 3904 '
399 3903 401 3910 ’
442 3888 542 3946 'Aetde'c
563 3889 715 3963 Πριάμοιο
735 3885 820 3960 τυχὴν
840 3885 966 3961 πόλεμόν
985 3904 1014 3942 τε
1035 3887 1180 3950 κλεεινόν,

381 4001 410 4040 re
427 4001 489 4038 vera
510 4002 542 4036 ex
562 3987 636 4051 epico
656 3985 768 4036 carmine
788 3983 897 4052 quodam
916 3980 1067 4033 translatum
1090 3994 1149 4031 csse
1176 3973 1312 4044 probabile
1336 3973 1380 4024 ri-

377 4082 454 4134 detur
466 4099 473 4143 3
486 4080 540 4132 'sed
557 4097 608 4133 non
629 4081 711 4149 magis
733 4079 917 4132 debotimachi
936 4075 1075 4141 Thebaide,
1093 4089 1171 4144 quam
1190 4071 1224 4122 dc
1239 4069 1310 4136 Lyde
1329 4083 1378 4118 co-

381 4177 512 4244 gitandam
529 4191 588 4228 esse
605 4175 682 4228 lacile
700 4183 779 4243 patet.
816 4174 908 4228 biclins
926 4171 1046 4240 permulti
1071 4170 1227 4238 interpretas
1246 4166 1316 4219 banc
1332 4163 1377 4216 lo-

380 4287 437 4322 cum
457 4270 490 4322 ad
506 4269 595 4324 iliadis
617 4270 829 4336 patrecinium
849 4266 973 4320 referunt
