2976 4986
549 365 801 434 ...33-

211 557 306 639 Quae
327 553 454 642 quaem
484 571 543 621 res
572 573 667 642 quum
692 553 894 638 difficillimo
924 559 988 640 sit,
1016 562 1129 625 sullus
1156 565 1223 630 erit

125 671 236 734 motum
258 671 410 735 tractore
430 670 668 747 argumentum,
688 663 750 730 sed
769 667 898 730 ratione
920 684 1063 752 prorsus
1085 688 1168 735 noua
1190 679 1224 736 et

124 776 299 860 sinqulori.
322 770 496 852 (usque-ad
516 789 547 832 v.
571 771 657 851 159.)
1212 761 1215 768 ’

210 883 251 944 At
272 897 348 943 veru
370 879 573 943 difficillimum
603 885 668 958 est,
690 878 832 942 Horatius
851 879 968 961 pergit,
989 889 1165 965 argumenta
1187 885 1225 947 ab

129 991 196 1054 aliis
226 991 360 1053 nondum
386 995 514 1051 tractata
540 995 623 1051 tanta
652 1006 719 1051 cum
748 995 812 1050 arte
843 987 1018 1080 elaborare,
1044 999 1078 1053 ut
1108 977 1228 1075 propria

129 1089 202 1162 fian't
226 1099 402 1180 scriptoris3
429 1099 531 1178 itaque
552 1097 643 1160 multo
665 1095 771 1159 melius
796 1097 853 1159 crit
880 1103 983 1160 notmn
1011 1108 1231 1181 argumentum,

129 1215 162 1272 ut
180 1207 280 1270 Iliadis
300 1205 440 1284 fabulam,
462 1199 650 1268 tractandum
672 1205 730 1268 sibi
744 1205 863 1268 sumere
883 1223 1075 1288 scaenaeque
1089 1211 1230 1272 commit-

129 1325 205 1396 tere,
221 1335 308 1397 quam
322 1332 469 1395 novum‚a
482 1319 573 1396 poeta
586 1316 748 1376 inventurn.
771 1314 927 1377 Materiam
940 1318 1019 1378 enim
1037 1317 1075 1378 ab
1093 1317 1158 1380 aliis
1170 1320 1229 1382 iam

132 1425 287 1487 tractatam
308 1423 361 1486 tibi
381 1425 533 1504 propriam
558 1421 689 1502 reddes,
710 1424 736 1484 si
759 1429 818 1484 tam
843 1440 923 1484 nova
948 1431 978 1485 et
999 1424 1144 1506 singulari
1167 1434 1230 1488 arte
1282 1501 1285 1508 ,

134 1549 200 1595 eam
222 1532 366 1614 effinges,
387 1539 421 1595 ut
445 1548 543 1612 neque
565 1533 595 1593 in
623 1531 779 1594 vilissimis
804 1537 835 1594 et
861 1531 971 1594 iamdiu
991 1535 1124 1613 pertritis
1155 1553 1231 1596 sen-

130 1641 230 1704 tentiis
252 1658 288 1702 ao
312 1641 388 1702 locis
405 1639 619 1702 'communibus
642 1639 822 1718 immoreris,
839 1646 864 1718 ¹)
885 1656 984 1720 neque
1005 1657 1148 1722 graccum
1172 1641 1232 1704 ali-

129 1749 215 1830 quod
238 1749 392 1829 exemplar
411 1747 451 1810 ad
472 1749 596 1810 verbum
619 1755 738 1826 vertas,
759 1765 859 1828 nequa
881 1748 1033 1812 serviliter
1051 1749 1185 1812 imiteris.
1202 1757 1230 1830 ²)

128 1859 235 1937 Neque
256 1857 453 1937 incipias„ut
471 1856 541 1919 vilis
563 1855 683 1936 quidam
703 1860 795 1938 poeta
816 1855 981 1938 (cyclicus)
1011 1858 1081 1919 olim
1103 1860 1233 1940 incepit:

257 1965 437 2032 Fortunam
458 1965 586 2032 Prieni
608 1965 750 2032 conlcto
772 1973 806 2031 et
826 1966 934 2032 nobile
951 1966 1086 2042 ,tottam

130 2072 198 2146 Qua
219 2072 339 2134 tandem
361 2075 479 2136 ratione
501 2073 718 2154 magniloquus
731 2072 781 2134 ille
800 2069 892 2154 poeta
913 2073 974 2136 hoo
996 2073 1121 2155 amplum
1135 2091 1234 2157 argu-

131 2186 264 2242 mentum
288 2181 424 2243 absolvet
444 2199 480 2242 ac
500 2181 658 2262 promissis
681 2169 799 2244 stabili
832 2181 941 2262 Magna
963 2181 1082 2264 quidem
1103 2181 1233 2264 pollice-

130 2295 196 2372 lur‚
218 2288 275 2352 sed
295 2287 371 2350 nihil
389 2287 534 2370 proferet.
551 2292 579 2368 ³)

132 2517 520 2536 *ut—hum..-

185 2663 221 2745 l)'
232 2669 332 2724 Verba:
354 2635 461 2741 occonis
480 2673 625 2724 commuuio
647 2672 734 2724 dicere
753 2673 895 2725 iamneae
914 2672 1053 2751 Lambinus
1072 2674 1230 2740 intorpreta-

235 2776 277 2821 tus
295 2776 349 2820 cst:
371 2769 561 2820 Communia
583 2769 632 2820 lroc
650 2769 706 2819 loco
729 2768 843 2838 appellat
862 2769 946 2839 (lior.)
972 2778 1126 2837 cummeneo
1151 2770 1230 2837 [clu-

233 2864 320 2915 larum
335 2881 354 2915 u
371 2863 448 2940 nollo
461 2864 546 2914 adhuc
562 2871 690 2916 tractato:
720 2873 745 2916 et
770 2866 823 2929 ito,
841 2881 906 2932 quoe
928 2865 1009 2917 caliois
1032 2867 1148 2934 ecposila
1170 2873 1230 2916 aaut

233 2969 257 3011 et
282 2961 310 3024 im
333 2949 419 3010 medio
433 2960 537 3027 posito,
558 2961 632 3026 quusi
649 2977 735 3014 occurs
760 2969 785 3011 ct
809 2977 827 3012 o
851 2963 953 3012 momine
974 2970 1108 3030 occrqnota.
1146 2961 1229 3024 Quem

235 3057 284 3106 iam
304 3056 415 3122 praeivit
423 3055 513 3134 Acrae
526 3055 713 3106 Communia
732 3033 900 3107 dicere'est
917 3059 1018 3108 intacta
1037 3056 1139 3120 clicere‚·
1157 3073 1228 3141 oum,

233 3154 333 3218 quondo
352 3153 477 3201 intactum
495 3159 532 3202 est
552 3150 666 3218 aliquid,
687 3167 817 3202 commuue
835 3160 886 3215 cst‚·
907 3168 963 3202 cum
985 3151 1062 3202 semel
1078 3151 1172 3202 dictum
1189 3160 1227 3203 est

231 3248 264 3298 ab
284 3247 370 3314 aliquo
381 3285 388 3311 ‚
405 3248 591 3316 fitproprium
639 3245 679 3298 Cf.
699 3245 753 3299 cic.
773 3245 844 3298 Brut.
867 3247 915 3310 13,
941 3245 974 3298 de
992 3249 1091 3298 invent.
1111 3247 1141 3316 l²
1162 3247 1180 3299 8
1198 3255 1225 3298 et

229 3343 273 3396 48.
311 3343 397 3406 Quint.
408 3342 466 3405 vll,
487 3344 510 3406 1,
523 3341 566 3394 28.
585 3342 683 3405 virtu
702 3351 728 3394 ct
745 3344 771 3396 5.
789 3341 848 3406 ΧΙΙ,
865 3343 879 3394 1
902 3350 965 3394 extr.
980 3351 1006 3394 et
1020 3343 1062 3406 10,
1074 3340 1118 3393 42.
1137 3341 1219 3394 Plano.

232 3438 297 3517 Iiuq.
321 3437 421 3502 lv,3,
442 3429 486 3488 36.
531 3437 668 3489 Griiolius:
711 3439 853 3508 Proprie
881 3437 1005 3491 uocabulo
1032 3438 1221 3490 communio

229 3533 269 3584 ita
286 3535 429 3604 opponitur,
449 3540 477 3585 ut
493 3535 623 3602 priuatum
640 3533 751 3602 publico.
783 3533 935 3590 Commio
952 3535 1031 3600 igitur
1043 3533 1140 3598 verbis,
1152 3549 1221 3603 quae

210 3629 387 3695 ‘sequuntur,
412 3629 502 3700 ignota
521 3629 668 3696 indictoque
686 3630 785 3698 primur
810 3633 888 3696 poeta
912 3627 1024 3704 explicat
1049 3629 1094 3696 (cf.
1112 3629 1178 3698 Epp.
1199 3633 1220 3694 l,

233 3723 275 3786 10,
288 3722 323 3775 34
341 3703 512 3795 aaronica
527 3725 634 3793 proprie
653 3723 740 3778 dicero
758 3724 819 3792 quid
838 3725 880 3788 sit,
897 3723 1016 3776 versibus
1036 3725 1084 3796 131
1103 3739 1160 3794 sqq.
1178 3725 1221 3776 in-

228 3815 357 3868 lustratur.
395 3817 476 3870 Recte
497 3819 576 3888 igitur
593 3817 790 3872 Machacelrius:
809 3819 873 3871 Pro
878 3820 954 3890 prio
973 3821 1158 3888 communic
1175 3820 1221 3871 di·

230 3929 311 3962 cera
331 3911 399 3964 attat
423 3913 496 3964 uliud
520 3915 649 3982 deomant,
673 3931 748 3982 quum
770 3931 822 3966 mom
851 3922 965 3967 tractatu
993 3915 1100 3981 ideoque
1124 3915 1222 3966 memini

225 4007 336 4073 propriu
355 4021 466 4056 scaenae
484 4007 638 4058 contmr'ttere
657 4015 680 4058 et
699 4007 760 4058 inde
773 4009 884 4078 pqoprr'c
904 4007 1019 4058 reddere.
1120 4065 1124 4074 Ι

172 4115 204 4184 2,
224 4111 264 4166 Ci.
282 4113 349 4181 Epp.
370 4118 390 4179 l,
411 4115 452 4179 19,
471 4115 512 4168 19.

169 4223 203 4297 3)
225 4222 265 4277 cf.
288 4239 312 4276 v.
333 4223 376 4275 22.
414 4225 479 4294 ΕΝ).
501 4227 520 4288 1,
539 4226 566 4290 8,
589 4228 613 4280 3.
651 4229 704 4280 Sat.
727 4231 747 4292 l,
767 4227 794 4292 l,
815 4227 856 4280 19.
887 4230 920 4290 ll,
939 4228 965 4288 3,
983 4227 1008 4280 9.

997 4335 1018 4401 3
