2976 4986
664 321 910 390 ..12-

238 509 329 572 etiam
349 507 533 572 ernendaret.
577 507 631 572 Cui
653 505 822 572 sententiae
844 508 903 572 iarn
920 527 937 570 a
952 493 1137 570 Robortettio
1151 511 1177 582 ¹)
1200 509 1231 567 ct
1250 505 1343 586 Rop-

235 615 331 693 pottio
343 621 371 693 ²)
391 613 528 696 prolatae
547 613 660 696 primus
682 613 801 678 videtur
811 614 984 676 accessisse
994 610 1185 679 Scir-citerus
1197 617 1242 693 ³),
1263 631 1342 696 pro·

240 722 342 785 sessor
361 722 547 806 Lipsiensis,
577 722 627 802 qui
647 729 806 804 praeterea
829 721 954 786 iteratio
977 720 1009 784 in
1030 720 1089 786 bac
1112 720 1239 802 epistola
1259 724 1344 788 scri-

238 829 339 892 benda
362 827 493 892 Platonis
516 829 682 894 Pbaedmm
703 837 773 894 ante
791 829 897 893 ocutos
911 836 1070 894 'versatum
1085 845 1162 892 esse
1175 846 1232 910 pro
1254 838 1343 896 certo

229 938 360 1018 putavit.
404 938 498 1012 Quam
520 939 693 1020 opinionem
715 939 823 1002 Aetius
832 941 862 1018 ⁴)
887 939 986 1020 pauiio
1007 943 1076 1020 post
1096 937 1250 1018 copiosius
1264 957 1343 1024 pro-

238 1045 313 1108 bare
346 1051 473 1108 conatus
497 1052 553 1110 est.
596 1047 756 1110 Praeclare
786 1063 861 1109 vero
895 1045 1111 1111 Sebreiteres:
1145 1043 1222 1120 Quis
1250 1048 1340 1123 enim,

238 1155 343 1234 inquit,
362 1152 608 1242 contuebitur,
629 1155 750 1234 emmae
768 1153 915 1234 scriptori
946 1153 1004 1217 boo
1033 1146 1165 1218 macinae
1184 1157 1335 1236 proport-

238 1269 299 1324 tam
316 1261 434 1341 feisse,
457 1269 492 1324 ut
511 1261 625 1324 iudicio
644 1262 863 1342 populatrices,
886 1261 924 1325 rte
951 1263 1120 1326 litterarum
1148 1264 1265 1326 rabone
1284 1265 1335 1326 in-

237 1367 533 1446 epicoenomena,
566 1369 741 1432 emendaret
761 1375 792 1430 et
817 1375 956 1449 reperet,
979 1377 1015 1432 ot
1033 1369 1186 1433 scribendi
1204 1371 1334 1433 rodium

238 1477 288 1538 eet
312 1475 416 1554 portos
450 1474 601 1540 libidinem
621 1495 642 1540 o
662 1476 825 1540 subitaneo
846 1476 901 1539 iiio
921 1476 1043 1539 leobct‘e
1063 1485 1093 1539 et
1113 1495 1197 1542 oona
1216 1481 1336 1561 [aroris

235 1583 350 1664 poetici
371 1581 560 1664 affectatione
580 1591 744 1658 revocaret
763 1585 806 1646 cd
822 1591 936 1663 ortem,
955 1585 1022 1648 suis
1042 1591 1080 1646 et
1097 1589 1237 1668 propriis
1257 1590 1335 1670 tepi-

108 1757 113 1766 ,
232 1691 295 1754 bus
316 1693 526 1771 tractantem,
544 1693 637 1772 atque
654 1693 945 1776 pbilosopbio,boo
965 1701 1011 1756 est
1030 1701 1160 1758 notatae
1185 1696 1337 1760 bomenee

236 1799 368 1880 dtb'perui
388 1798 611 1878 obseruatione,
631 1799 719 1872 onice
736 1797 944 1878 mrioondom,
964 1807 998 1862 ot
1020 1798 1122 1864 iudicii
1134 1805 1337 1882 tenuitatem

234 1894 326 1972 tatae
354 1907 547 1970 subtilitatem
578 1907 788 1988 scribendique
821 1927 928 1972 curum
956 1909 995 1972 iis
1021 1911 1204 1992 inperaret,
1226 1915 1336 1996 quibus

223 2018 279 2087 ,ed
304 2015 521 2098 boqubendom
547 2016 677 2078 staminis
707 2015 959 2086 bnmortotitotem
988 2025 1044 2082 ant
1065 2023 1173 2100 popuii
1191 2024 1335 2104 picurum

234 2125 420 2205 captantum
440 2124 519 2188 sotis
539 2124 706 2199 videretur,
724 2125 885 2204 periturae
904 2125 1032 2202 itbtdere
1054 2127 1190 2194 obortae.

235 2281 239 2292 .
318 2234 350 2298 tn
365 2252 470 2306 eorum
491 2240 589 2302 autem
610 2251 757 2314 numero,
785 2235 835 2316 uui
856 2237 1006 2298 sententia
1021 2236 1070 2299 iila
1095 2237 1221 2318 probata
1250 2239 1335 2302 Wie-

236 2342 331 2406 tomtii
354 2343 561 2406 coniecturam
576 2343 808 2424 impugnarunt,
828 2347 998 2424 praeeunte
1012 2342 1208 2416 .Vetterteinio
1220 2351 1251 2424 ὅ)
1274 2349 1334 2410 bn-

234 2450 338 2531 primis
348 2449 610 2532 timemettttmt)
622 2451 808 2518 ,referendus
824 2459 879 2514 est.
908 2451 1052 2515 iiicenim
1067 2439 1239 2536 primarium
1252 2459 1333 2538 poe-

236 2566 285 2622 tae
307 2559 466 2626 consilium
480 2559 574 2622 t'uisse
585 2565 701 2639 censet,
723 2566 754 2626 ut
767 2559 893 2642 elegans
906 2567 937 2622 et
951 2559 1059 2624 subtile
1080 2561 1223 2626 iudicium
1245 2563 1334 2626 adiu-

235 2651 321 2731 varet
344 2675 433 2750 atque
450 2662 579 2730 nimium
589 2667 844 2748 percrebrescens
859 2687 999 2733 versuum
1015 2670 1244 2752 pangendornnn
1265 2679 1333 2734 stu-

179 2841 182 2852 ,
235 2775 316 2838 dium
333 2774 412 2856 apud
427 2774 587 2856 populares
601 2773 767 2838 cohiberet.
786 2819 789 2826 -
811 2776 913 2858 ltaque
927 2778 957 2838 in
973 2771 1107 2840 camnine
1123 2786 1237 2859 nostro,
1251 2759 1330 2858 quod

236 2881 574 2962 dinamico-satyricum
597 2883 772 2959 nominavit,
792 2881 869 2942 nibil
894 2879 984 2960 aliud,
1008 2885 1067 2946 nisi
1087 2879 1228 2949 maiorum
1251 2887 1328 2966 poe.

239 2997 347 3072 tarum,
371 2990 421 3072 qui
442 2997 503 3054 tum
525 2989 677 3069 vivebant,
701 2989 930 3072 castigationem
946 2988 1073 3072 invenit,
1089 2993 1127 3056 ad
1147 3011 1233 3075 quam
1253 2991 1339 3068 sori-2,

284 3302 322 3374 ¹1)
341 3303 370 3358 in
387 3300 480 3355 tibrum
499 3298 646 3353 Aristotelis
666 3300 697 3350 de
717 3306 772 3350 arte
789 3299 892 3366 poetica
912 3297 1100 3368 explicationes
1113 3311 1171 3350 cum
1187 3295 1336 3366 paraphrasi

335 3398 362 3449 in
382 3396 475 3450 librum
495 3396 592 3448 Horatii
610 3393 643 3446 de
663 3401 718 3445 ante
735 3393 845 3462 poetica.
898 3421 901 3426 ·

288 3519 316 3588 2)
334 3516 537 3570 Commentarius
551 3517 578 3566 in
597 3514 694 3566 tioratii
711 3521 811 3581 satyras
833 3521 859 3565 et
877 3512 1000 3580 epistolas
1020 3529 1045 3581 p.
1061 3507 1127 3566 952.

290 3637 319 3713 3)
339 3637 378 3692 De
397 3637 522 3701 Horatio,
546 3635 660 3689 Platonis
678 3634 790 3701 aemulo,
818 3635 926 3702 eiusque
948 3631 1075 3702 epistolae
1099 3631 1131 3684 ad
1148 3630 1256 3685 Pisones
1277 3644 1334 3682 cuur

280 3791 285 3801 ⁵
334 3733 410 3786 buius
429 3731 545 3786 Phaedro
565 3733 764 3799 comparatione.
786 3731 856 3799 Lips.
878 3727 953 3782 1789.

243 3859 246 3864 '
288 3852 317 3926 t)
339 3851 378 3906 De
392 3849 506 3906 Platonis
524 3852 650 3906 Phaedro.
668 3869 692 3921 p.
703 3852 746 3903 32.
771 3851 810 3904 Cf.
831 3851 925 3902 ibidem
942 3847 1116 3902 Eichstadium
1135 3861 1169 3925 p..
1181 3819 1242 3896 Ι157.

288 3976 317 4047 b)
336 3975 364 4028 in
391 3976 486 4026 Annot.
517 3951 670 4044 pierumque
698 3975 779 4046 cribo.
809 3953 835 4026 in
859 3937 961 4041 singula
983 3978 1114 4022 auctorum
1133 3973 1248 4018 veterum
1267 3962 1332 4015 loca.

340 4069 448 4138 Spilogc
469 4069 488 4137 1,
509 4070 540 4121 tt.
562 4069 637 4122 1795.

290 4191 317 4265 o)
335 4189 515 4269 Vorlosttngen
535 4190 598 4243 iiber
620 4190 702 4242 iloraz
722 4199 738 4240 t.
762 4189 803 4242 tt.
825 4188 937 4261 (Lipsiae
961 4165 1049 4256 scoti
1068 4199 1093 4250 p.
1112 4179 1163 4232 225
1178 4193 1233 4248 sqq.
