2976 4986
665 323 908 416 ..43-

240 520 370 600 alliciet,
392 535 451 601 quc
466 517 593 599 'saepius
616 533 653 580 ac
675 517 847 598 diligentius
868 515 1005 599 legetur,
1025 515 1214 602 laec-‘autem
1245 519 1342 600 prima

241 627 361 708 quidem
381 625 514 689 lectione
534 625 704 706 probatum,
719 628 745 688 si
766 629 884 706 penitus
904 625 935 688 id
951 625 1169 707 exploraretis,
1185 645 1223 690 eo
1241 629 1342 692 minus

239 734 380 816 placebit.
422 734 503 797 Dicit
525 733 616 814 igitur
640 733 782 796 Horatius
797 737 907 815 poema
929 735 1067 796 omnihus
1089 736 1223 798 numeris
1245 736 1342 800 abso-

237 842 332 920 lutum
351 847 394 906 'ac
420 842 597 923 perpolitum
615 844 660 904 'sit
689 849 840 922 oportere.
893 842 983 906 Cuius
1010 843 1057 904 rei
1087 841 1207 904 additur
1238 861 1342 906 causa.

244 995 250 1003 -
300 951 487 1026 Quibusdam
509 951 632 1012 anurnio
650 951 752 1026 rebus,
774 969 853 1031 quoe
866 952 908 1013 od
928 961 1111 1012 comumnem
1128 949 1222 1012 eitum
1238 951 1342 1030 perti·

239 1067 321 1135 oenc,
343 1060 535 1146 medidcqitcs
544 1077 644 1139 oeque
657 1057 757 1121 ocimo
767 1058 847 1140 sarri
858 1064 969 1137 potest,
988 1058 1089 1140 poetic
1108 1063 1217 1133 autem,
1230 1059 1344 1138 quippe

239 1166 293 1246 qui
314 1172 410 1228 urimo
433 1165 747 1239 commessoriane,
769 1165 825 1226 aed
846 1165 1019 1226 metando
1032 1165 1220 1230 deatiuotcm
1239 1168 1340 1248 profi-

241 1281 372 1350 teantur,
386 1273 587 1336 mediocribus
604 1271 803 1336 mseudniow
823 1271 1007 1335 macedan.
1027 1271 1168 1336 Attamen
1183 1275 1244 1338 imo
1258 1293 1338 1338 nuno

240 1383 375 1444 leminea
404 1383 454 1444 ccl
474 1380 690 1461 imperitissimo
707 1381 820 1462 pedatu
841 1386 992 1443 coercent.
1020 1389 1065 1458 (v.
1086 1381 1159 1446 366.
1180 1399 1273 1466 usque
1295 1385 1336 1448 ad

234 1511 272 1555 a.
294 1491 384 1572 390.)
505 1493 536 1550 .'
799 1509 803 1516 ·
1186 1508 1189 1518 ·

323 1598 378 1661 llic
389 1597 513 1679 primum
530 1599 670 1662 Horatius
682 1599 821 1662 Pisonem
836 1597 982 1662 maiorem
996 1599 1134 1680 appellat,
1155 1615 1213 1680 (pra
1228 1615 1263 1660 re
1278 1613 1341 1660 no-

241 1704 356 1770 tissima
373 1707 538 1770 Wiclandii
552 1707 737 1774 'coniectura
758 1709 879 1770 nititur:
895 1708 897 1717 '
916 1707 1054 1770 Omaior
1068 1708 1218 1786 Pisonum,
1236 1707 1342 1770 liora-

239 1816 299 1878 tius
329 1814 438 1896 inquit,
471 1791 638 1896 quanquam
667 1823 698 1878 et
730 1815 824 1896 patris
849 1816 1034 1890 institutione
1067 1816 1265 1897 doctrinaque
1301 1813 1341 1878 ad

239 1923 355 2006 pulchri
386 1923 564 2004 venustique
584 1921 726 1986 iudicium
751 1923 925 1986 informaris
946 1930 977 1996 et
994 1943 1049 2005 per
1070 1924 1257 2005 temetipsum
1280 1923 1341 1986 iam

240 2034 333 2113 sapis,
355 2032 415 2094 hoc
435 2032 602 2095 memoriae
621 2039 652 2094 tc
674 2031 818 2094 mandare
838 2032 952 2095 velim.'
982 2031 1015 2096 ln
1036 2041 1204 2096 ceterarum
1219 2031 1340 2113 quidem

240 2159 340 2204 rorum
363 2139 469 2204 studiis
490 2158 526 2203 ac
549 2138 740 2220 disciplinis,
758 2157 836 2220 quae
856 2139 894 2202 ad
922 2157 1109 2202 communem
1141 2141 1222 2203 vitae
1253 2159 1341 2204 usum

240 2251 401 2330 pertinent,
423 2248 506 2311 utin
527 2249 603 2320 iuris·
628 2248 735 2332 peritia
757 2253 787 2309 et
807 2247 998 2328 eloquentia,
1023 2249 1217 2312 mediocritas
1243 2234 1343 2329 quae-

240 2357 309 2428 dam
330 2357 527 2437 conceditur3
555 2373 661 2418 verum
683 2357 715 2418 in
737 2363 802 2419 arte
815 2357 936 2436 pottica
957 2373 1019 2418 non
1040 2355 1191 2436 homines,
1213 2372 1275 2418 non
1295 2355 1339 2435 di,

240 2483 280 2526 ne
297 2467 382 2548 ipsae
404 2465 525 2546 qnidam
545 2465 624 2546 pilae
646 2464 787 2528 librariae
802 2459 1041 2533 mediocritatem
1054 2445 1145 2527 ullam
1159 2467 1340 2548 permittant.

240 2575 279 2639 Ut
300 2575 379 2636 enim
402 2574 432 2636 in
456 2573 550 2654 epulis
563 2615 567 2626 .
580 2575 727 2636 convivae
748 2573 858 2638 malum
878 2588 1022 2636 sonorum
1041 2581 1242 2652 concentum,
1262 2574 1341 2637 mala

238 2690 392 2766 unguenta
420 2689 452 2744 et
477 2699 529 2744 res
559 2677 830 2764 similes,'quib'us
853 2679 961 2746 carere
982 2677 1119 2763 possint,
1141 2681 1267 2744 moleste
1289 2681 1341 2743 ie-

239 2787 327 2868 runt3
348 2791 395 2855 sic
413 2787 527 2873 'poema
540 2786 690 2870 quoque,
711 2791 792 2872 quod
813 2789 852 2852 ad
873 2807 1016 2852 summam
1038 2785 1258 2871 perlectionem·
1275 2807 1338 2852 non

240 2901 387 2982 pervenit,
413 2895 553 2980 quoniam
573 2897 637 2961 non
658 2899 689 2961 in
710 2900 802 2963 rebus
825 2899 863 2962 ad
881 2899 973 2960 uitam
991 2899 1186 2961 necessariis·
1194 2913 1337 2960 numera-

239 3015 308 3082 tur,
331 3006 387 3070 sed
410 3007 450 3069 ad
476 3005 603 3069 liberam
626 3005 785 3088 'quandam
812 3009 903 3071 animi
937 3007 1169 3070 delectationem
1196 3006 1338 3086 pertinet,

238 3115 370 3179 taedium
392 3123 480 3197 atquc
496 3115 734 3198 indignationem
748 3117 961 3179 commovebit.
1002 3117 1113 3184 Verum
1127 3114 1218 3178 hodie
1233 3129 1341 3177 omnes

184 3269 187 3274 ·
239 3223 355 3296 indocti
385 3222 526 3304 doctique
553 3229 692 3306 poemata
717 3224 850 3287 condere
877 3223 1024 3286 volumus.
1046 3303 1051 3310 .
1072 3223 1134 3288 Sed
1162 3239 1341 3304 quemquam

239 3349 387 3395 exercere
408 3331 485 3394 velle
508 3335 602 3394 artem
619 3331 688 3394 ‘sibi
717 3349 842 3413 prorsus
873 3332 1021 3414 ignotam.
1039 3331 1168 3394 hominis
1197 3330 1279 3394 stulti
1310 3336 1342 3392 et

240 3440 410 3528 arrogantis
432 3457 502 3502 csse
524 3442 590 3521 quis
611 3440 760 3522 negabit?
778 3429 808 3517 ¹)'
848 3441 1037 3522 Quapropter
1056 3441 1223 3521 imperitum
1239 3454 1340 3518 quen-

117 3581 120 3590 ·
241 3535 308 3610 dam
334 3548 460 3610 eturba
480 3549 604 3610 istorum
627 3553 784 3628 poetarum
807 3547 949 3610 Horatius
972 3548 1031 3611 hoc
1052 3547 1144 3610 modo
1166 3547 1340 3628 loquentem

239 3656 362 3720 inducit.
408 3657 482 3736 Gur,
504 3655 616 3737 inquit,
637 3666 744 3719 versus
765 3658 867 3718 iacere
894 3656 965 3718 mihi
986 3674 1047 3718 non
1069 3656 1176 3735 liceat,
1200 3656 1341 3738 quoniam

241 3765 331 3828 homo
355 3783 419 3828 sum
451 3766 601 3848 ingenuus
623 3773 712 3845 atquc
730 3765 901 3828 honestus?
927 3749 1007 3839 ¹Qua
1030 3767 1204 3845 quaestione
1234 3770 1341 3826 noster

241 3880 331 3960 polita
355 3874 506 3939 stultitiam
534 3873 602 3936 talis
635 3873 764 3936 hominis
793 3876 866 3952 satis
895 3873 1070 3936 declaravit.
1123 3873 1173 3936 Ad
1199 3872 1340 3936 Pisonem

240 3984 331 4063 igitur
353 3999 516 4060 reversus,
538 3989 570 4044 tu
592 3999 689 4059 vero,
709 3983 826 4062 inquit,
850 3981 931 4062 quod
953 3988 1034 4043 tuum
1058 3981 1232 4061 ingenium,
1261 3999 1340 4062 quaa

251 4107 534 4120 ——n———a-

295 4180 319 4248 ᾖ)
338 4177 377 4229 Cl.
398 4176 463 4243 Epp.
486 4175 518 4240 ll,
543 4179 567 4241 1,
584 4175 634 4228 tlt
651 4192 706 4245 sqq.
728 4177 805 4228 =Pcrs.
824 4135 854 4239 tl,
877 4176 925 4228 102
944 4191 1001 4244 sqq:
1218 4226 1241 4236 „
1274 4179 1298 4251 ᾖ,
