2976 4986
533 335 808 410 ’-35-·

133 531 189 612 qui
210 545 274 598 nou
296 529 388 598 nodo
408 529 517 596 Priami
537 529 702 608 fortunam,
724 531 780 594 sed
801 532 891 596 ea'am
913 537 1005 596 totum
1027 533 1136 597 beilum
1158 531 1236 598 Tro..

135 641 241 705 ianum
261 635 322 708 uno
345 640 478 702 carmine
505 638 718 704 celebrandum
742 640 800 702 sibi
820 648 1037 724 proposuerat,
1059 642 1186 723 simplas
1207 651 1238 706 et

135 747 309 820 modestum
331 747 490 829 Odysseae
512 747 700 828 prooemium
719 749 851 829 opponit.
896 749 1013 822 Quanto
1040 752 1146 814 malins
1175 749 1237 831 itta,

133 847 191 936 qui
205 855 279 918 nihil
301 858 401 936 inepte
423 855 615 942 aggreditur,
637 854 757 934 incipit:

165 985 168 992 ’
265 965 332 1032 ma
343 965 429 1047 mitat,
444 963 555 1043 Musa,
574 949 832 1048 circumseptae
852 971 929 1048 post
950 972 1098 1052 temporo
1116 960 1237 1042 iratus

140 1135 144 1144 ,
231 1131 233 1138 ,
267 1073 332 1154 Qut
353 1091 463 1138 mores
482 1073 642 1138 taurinum
661 1071 835 1137 multorum
854 1073 936 1138 vidit
957 1082 991 1139 et
1012 1075 1119 1142 urbes.

138 1181 243 1262 itaque
261 1181 352 1261 igitur
365 1179 463 1244 clarus
476 1179 524 1243 itte
546 1184 636 1261 poeta
654 1197 717 1241 non
731 1197 748 1240 a
763 1180 871 1260 grandi
885 1187 915 1242 et
929 1180 1088 1262 splendido
1110 1183 1239 1256 exordio

139 1294 171 1354 in
193 1308 245 1355 res
267 1289 392 1360 humiles
414 1296 511 1368 atque
526 1289 622 1352 exiles
642 1288 808 1365 delabitur,
831 1289 925 1352 seda
953 1290 1080 1382 simplici
1112 1298 1143 1352 et
1170 1310 1241 1356 mo·-

143 1401 228 1466 desta
250 1389 353 1460 Musae
375 1395 569 1464 invocatione
591 1411 718 1460 exorsus
740 1395 780 1458 ita
801 1396 831 1456 in
853 1397 995 1458 carminis
1017 1395 1147 1462 decursu
1167 1416 1242 1480 pro-

147 1503 234 1580 cedit,
255 1509 287 1565 ut
308 1519 359 1564 res
382 1501 539 1581 speciosas
554 1507 589 1562 et
611 1500 765 1564 mirandas
784 1501 927 1589 proterat,
950 1517 1027 1581 quae
1048 1504 1150 1567 nativa
1172 1507 1241 1587 puta

144 1610 312 1673 claritudine
344 1609 491 1675 lectorum
522 1610 640 1670 animos
670 1607 801 1678 iucunde
817 1615 986 1676 ,moveant
1039 1609 1129 1676 Cuius
1159 1613 1241 1681 modi

139 1725 209 1792 aunt
228 1719 418 1780 narrationes
441 1714 479 1778 de
501 1715 672 1806 Antiphus,
688 1715 930 1796 'Laestrygonum
951 1733 1044 1798 rege,
1066 1719 1105 1782 de
1129 1721 1243 1803 Cyclo*

140 1827 238 1910 pibus,
260 1823 297 1888 de'
318 1823 417 1904 Scylla
441 1829 472 1884 ct
493 1822 653 1904 Charybdi.
696 1825 800 1906 Neque
822 1825 860 1894 ab
882 1842 943 1890 ouo
964 1825 1075 1906 Ledae,
1096 1835 1129 1892 ut
1150 1832 1243 1909 aiunt,

141 1934 306 2010 exordium,
322 1949 390 2010 ¹non
414 1932 454 2002 ad
474 1934 675 2004 remotissima
699 1940 841 2022 tempora*
857 1936 1012 2013 ascendit,
1033 1943 1066 2002 ut
1083 1939 1244 2026 abditissi-

142 2063 208 2108 mas
229 2064 330 2108 rerum
350 2043 598 2126 exponendarum
621 2062 731 2108 causas
751 2046 898 2126 requirat:
922 2047 977 2108 s'ed
1001 2047 1099 2109 statim
1122 2047 1160 2108 ab
1180 2049 1243 2111 ini·

142 2157 184 2222 tio
207 2156 346 2222 omnihus
372 2155 473 2218 missis
489 2154 673 2235 ‘ambagibus
696 2162 785 2235 atque
807 2155 902 2218 inutili
931 2139 1078 2237 'apparatu
1100 2157 1242 2240 neglecta

141 2264 180 2328 ad
202 2281 253 2328 res
275 2265 377 2345 ipsos,
400 2279 478 2343 quaa
498 2263 644 2344 propositi
677 2265 846 2345 angarianti
874 2271 959 2342 sunt,
988 2264 1175 2326 enarrandas
1202 2263 1244 2330 ita

136 2370 345 2452 progreditur,
371 2375 403 2432 ut
422 2369 555 2432 lautores
584 2370 643 2432 iam
665 2377 756 2432 notas
776 2389 827 2449 res
843 2370 957 2432 ‘audire
986 2369 1045 2433 sibi
1073 2369 1241 2449 attenua,

139 2485 227 2558 atque
250 2477 360 2555 omnia,
381 2494 458 2557 quae
478 2477 517 2540 ad
531 2484 739 2560 argumentum
753 2493 817 2538 non
827 2479 983 2557 pertinere
993 2480 1023 2538 et
1036 2479 1156 2558 poetice
1176 2489 1246 2557 nnn,

140 2604 234 2670 posse
256 2585 379 2652 tractari
398 2585 715 2665 videt‚„lioratianum
736 2583 827 2647 iliud:

209 2747 240 2764 ..
264 2695 340 2764 Hoc
360 2703 464 2779 umet,
484 2697 548 2762 ime
568 2703 709 2780 speram
724 2699 885 2780 promissi
905 2698 1073 2760 emeris
1087 2701 1207 2760 caetur-

139 2821 270 2884 sequens
294 2803 410 2868 omittit.
454 2802 520 2875 Qua
541 2803 660 2864 ratione
681 2817 733 2862 res
757 2817 854 2862 novas
877 2798 993 2881 attingit
1006 2799 1150 2879 fictasque
1172 2815 1239 2864 cunr

139 2915 223 2978 ueris
245 2913 285 2974 ita
310 2911 483 2992 coniungit,
501 2917 535 2972 ut
556 2926 661 2974 omnes
684 2908 824 2971 carminis
843 2915 944 2996 partes
974 2906 1131 2988 praestare
1163 2909 1241 3002 inter

139 3020 382 3090 secoiraereant
401 3019 519 3097 sibique
547 3018 739 3082 conveniant.
791 3014 934 3078 Horatius
959 3016 1051 3096 igitur
1080 3015 1140 3078 hoc
1168 3015 1238 3078 loen

140 3129 298 3196 Homerum
318 3127 476 3210 proposuit
492 3125 662 3207 'exemptum
675 3124 841 3188 imitatione
863 3122 996 3206 dignum,
1021 3126 1119 3205 utqui
1138 3126 1240 3190 omnia

142 3239 213 3300 vitia
238 3237 395 3315 hucusque
419 3235 584 3317 vituperata
609 3233 750 3296 vitaverit
776 3239 806 3295 ct
827 3230 984 3294 virtutibus
1011 3231 1139 3296 laudatis
1159 3245 1237 3298 unua

137 3349 271 3412 omniun
293 3347 423 3408 maxime
447 3343 631 3406 excelluerit.
673 3344 720 3406 De
742 3342 957 3406 sententiarum
979 3339 1087 3404 ordine
1104 3348 1134 3406 et
1156 3359 1237 3408 nero

133 3455 216 3520 bene
237 3453 373 3518 deius
392 3454 518 3530 moumt,
540 3452 611 3514 inde
633 3471 651 3516 a
673 3471 703 3514 v.
727 3448 797 3513 136.
817 3467 913 3532 usque
936 3449 1060 3535 ad.153.
1082 3450 1234 3516 inlustrari
1359 3477 1361 3482 ⁸

134 3567 347 3642 praeceptum:

213 3741 217 3750 ,
262 3668 402 3740 Rectius
422 3670 566 3740 Iliorum
586 3688 720 3735 carmen
743 3668 875 3734 &ducis
895 3671 930 3732 io
950 3675 1065 3750 uetus,

263 3781 369 3862 Quom
391 3784 423 3846 si
444 3778 623 3864 proferres
646 3783 756 3862 ipnoto
775 3777 964 3862 indictoque
982 3781 1119 3859 primus.

136 3886 256 3953 itiniure
273 3905 353 3950 uero
376 3888 414 3950 iis
435 3886 579 3952 adsentiri
599 3903 732 3966 possum,
754 3885 804 3966 qui
826 3881 980 3982 Horatium
1003 3881 1062 3946 hoe
1082 3883 1152 3948 loco
1177 3899 1236 3947 na-

136 4011 284 4077 quaquam
306 3995 345 4058 de
373 3995 461 4075 epico
485 3995 619 4056 carmine
640 3993 816 4076 incipiendo
847 3994 1001 4075 cogitasse
1027 3999 1151 4075 putant,
1179 3991 1234 4055 sed

135 4145 420 4165 un-——u-uph--u-n

187 4231 212 4301 i)
232 4227 272 4280 Cf.
295 4227 381 4292 Quint.
400 4228 457 4292 vlt,
479 4227 520 4292 to,
544 4228 583 4280 ll.
