2976 4986
711 349 957 418 ..pg-

278 560 366 624 quam
386 536 490 620 poesis
513 536 737 617 exprimendam
758 536 815 599 sibi
835 541 943 615 sumat,
964 533 1190 618 diligentissime
1213 533 1379 616 exploran-
1481 613 1482 616 Ἴ

278 649 345 712 dam
369 663 439 709 esse
461 646 584 725 exponit
605 629 649 722 ('v.
676 644 744 707 153.
768 661 864 726 usque
889 644 927 707 ad
949 663 979 706 v.
1002 643 1104 718 tou).
1147 637 1219 702 Tum
1244 640 1376 724 denique

279 753 421 833 ostendit,
438 754 544 835 quibus
560 754 677 816 severis
696 753 801 816 studiis
820 755 910 834 poeta
931 769 1001 814 sese
1022 749 1137 814 dedere
1154 748 1273 828 debeat,
1296 750 1378 830 quod

275 864 300 925 si
325 862 450 940 lecerit,
474 861 622 923 honorem
639 868 669 922 et
686 861 831 941 gloriam,
851 862 878 923 si
893 859 1073 942 neglexerit,
1096 875 1165 920 eum
1188 857 1325 920 dedecus
1345 865 1377 920 et

282 977 483 1051 contemptmn
509 963 741 1031 consecuturum
764 985 833 1030 esse
855 977 899 1046 (v.
922 966 994 1056 306.
1018 966 1116 1047 usque
1137 963 1176 1026 ad
1198 981 1227 1024 v.
1252 960 1353 1041 4711).

356 1077 449 1139 Huius
465 1077 633 1157 argumenti
651 1075 813 1155 descriptio
826 1075 937 1156 ubique
954 1075 1018 1137 lere
1032 1074 1187 1138 Socratica
1207 1069 1257 1133 illa
1275 1071 1374 1134 ironia

273 1181 396 1246 condita
420 1189 487 1262 est,
516 1200 574 1263 qua
595 1180 736 1244 Horatius
766 1186 924 1268 tantopere
947 1181 1133 1256 eraclitae
1157 1178 1204 1242 sui
1227 1180 1371 1260 temporis

272 1293 397 1369 poetas,
424 1297 456 1353 ut
478 1293 527 1372 qui
549 1307 612 1354 non
638 1289 735 1353 minus
758 1289 873 1368 ingenii
895 1308 983 1372 quam
1005 1291 1079 1352 artis
1102 1281 1242 1370 expertes
1264 1287 1370 1366 operi-

272 1397 335 1460 bus
360 1399 422 1460 suis
452 1397 634 1480 elegantium
666 1403 697 1458 et
723 1395 873 1458 subtilium
901 1396 1054 1460 hominum
1082 1411 1171 1457 aures
1197 1393 1369 1478 fatigarent,

275 1503 387 1586 passim
410 1503 535 1608 egregie
558 1503 725 1584 castigavit
771 1501 867 1564 Cuius
884 1503 930 1566 rei
955 1501 1123 1566 clarissima
1147 1510 1217 1565 sunt
1237 1502 1374 1582 exemplu

272 1599 464 1690 monstruosa
477 1613 533 1676 illa
555 1613 682 1693 pictura,
705 1629 763 1694 qua
786 1610 865 1700 hauc
887 1613 1043 1694 epistolam
1066 1611 1189 1687 inducit,
1211 1617 1242 1672 et
1263 1609 1371 1674 furiosi

270 1721 404 1802 poe'toc
396 1737 508 1802 imago,
532 1736 588 1800 qua
609 1737 676 1784 eam
691 1693 853 1788 concludit.
898 1717 993 1790 Quum
1015 1734 1089 1780 vero
1113 1725 1253 1804 accurata
1275 1738 1374 1804 argu-

271 1825 364 1906 menti
385 1825 551 1906 explicatio,
563 1825 652 1893 unica
674 1826 713 1918 sit
732 1826 793 1903 ria,
818 1827 1036 1907 qua'iudioium
1054 1827 1092 1890 de
1108 1827 1248 1890 canniuis
1265 1827 1374 1888 ordine

271 1932 543 2026 etcornpositlone
576 1938 659 2017 recte
678 1934 849 2022 procedere
867 1937 998 2020 possit,
1021 1935 1060 1998 ad
1082 1935 1160 2022 hauc
1182 1951 1246 2002 rein
1268 1935 1374 2020 paucis

276 2037 344 2104 de
339 2043 426 2122 poesi
453 2044 485 2103 in
515 2043 689 2104 uniuersum
699 2047 742 2112 et
759 2041 807 2128 de
823 2042 989 2107 Horatiana
1013 2043 1167 2132 scribendi
1189 2049 1255 2108 arte
1280 2061 1375 2126 pree

274 2146 384 2244 missis
386 2145 651 2246 persequendam
660 2123 882 2248 aggrediamur
926 2191 929 2198 ·
994 2208 1007 2222 „
1247 2201 1287 2246 ,3

331 2233 484 2332 Universa
501 2254 604 2350 po'esis
621 2271 713 2354 mrum
731 2254 855 2355 pulchra
871 2238 901 2317 et
915 2255 1031 2332 idealiS,
1053 2256 1137 2351 utile
1143 2226 1377 2352 dieamtrqrutu

275 2334 470 2444 humanarum
498 2361 623 2423 imitatio
649 2363 698 2440 sit,
720 2364 810 2442 poeta
831 2361 903 2424 nihil
925 2362 1055 2460 effingat
1066 2369 1200 2456 oportet,
1222 2383 1281 2456 quo
1307 2367 1376 2462 ela.-

274 2445 406 2552 gantiae
419 2451 449 2530 et
469 2467 698 2550 pulchritudinis
721 2467 863 2532 iudicium
886 2438 1065 2534 offendatur.
1109 2473 1173 2546 Qua
1197 2475 1318 2555 quidem
1339 2493 1375 2538 re

273 2578 398 2660 posita
391 2595 449 2638 mm
476 2584 583 2657 sponte
599 2579 756 2658 sequitur,
778 2584 810 2641 ut
832 2596 920 2640 omne
935 2582 1043 2660 poema
1060 2596 1123 2642 non
1143 2580 1264 2662 minus,
1285 2602 1373 2665 quam

272 2667 427 2770 quodlibet
451 2684 531 2745 aliud
552 2675 706 2747 artificium
730 2679 819 2747 nobis
840 2685 1002 2766 imaginem
1031 2693 1101 2749 ante
1135 2689 1240 2752 oculos
1260 2709 1375 2773 ponere

273 2795 398 2873 debeat,
432 2794 517 2858 ouius
541 2802 642 2878 partes
663 2796 703 2862 ita
731 2798 810 2858 inter
830 2813 864 2856 se
898 2794 1083 2859 cohaereant
1109 2797 1226 2878 sibique
1257 2817 1376 2862 conve-

273 2905 379 2990 niant,
399 2909 431 2967 ut
450 2922 540 2970 uuam
563 2904 741 2986 simplicem·
756 2922 793 2978 ae
816 2911 908 2966 totam
931 2907 1065 2985 speciem
1081 2914 1113 2968 et
1128 2881 1262 2983 somnam,
1284 2924 1373 2988 quam

275 3011 364 3074 ἰδέαν
376 3012 486 3074 Graeci
498 3017 620 3090 vocant,
637 3013 668 3073 in
681 3012 780 3076 animo
795 3017 899 3072 nostro
915 3010 1085 3072 conficiant.
1119 3009 1257 3072 Horatius
1271 3009 1375 3090 igitur,

278 3123 329 3202 qui
349 3139 440 3184 verus
463 3119 676 3202 perfectusque
689 3123 780 3200 potita
793 3121 959 3182 sententies
973 3117 1215 3198 splendidissima
1237 3118 1376 3180 oratione

278 3225 319 3291 ita
341 3229 454 3292 vestire
476 3235 563 3310 etque
586 3227 695 3290 ellerre
718 3234 868 3306 conatur,
890 3233 921 3289 ut
944 3243 998 3290 eas
1021 3225 1125 3288 videre
1147 3225 1267 3304 potius,
1288 3241 1378 3306 quarn
1461 3265 1467 3272 -

279 3336 384 3410 audire
411 3336 500 3430 nohis
535 3335 711 3428 videamur:
743 3336 918 3416 perspicuas
955 3334 1050 3397 oculis
1083 3330 1195 3394 nostris
1226 3331 1378 3414 imagines

276 3448 436 3528 proponit,
458 3462 532 3530 quas
555 3461 572 3506 e
595 3444 721 3526 singulis
750 3444 969 3524 aptissimisque
991 3441 1137 3534 partitus,
1159 3445 1299 3520 tanquam
1319 3457 1379 3520 pe-

280 3554 374 3618 nioilli
405 3554 616 3631 lineamentis,
655 3553 828 3634 componit
840 3550 1010 3630 viridisque
1040 3548 1193 3612 coloribus
1233 3547 1377 3633 depingit.

277 3661 382 3743 ltaque
411 3666 502 3742 poeta
533 3662 665 3742 cogitata
692 3678 745 3722 sua
767 3659 892 3741 singulis
912 3663 996 3719 notat
1017 3655 1176 3735 exemplis,
1200 3661 1232 3717 ut
1264 3663 1377 3718 certam

203 3803 205 3808 ·
279 3777 310 3833 et
330 3771 441 3834 claram
463 3772 616 3834 notionem
632 3789 740 3852 rerum,
763 3788 836 3850 quas
850 3769 1057 3831 inlustratums
1076 3773 1132 3844 est,
1155 3767 1185 3828 in
1205 3763 1303 3828 animo
1318 3780 1380 3825 no-

279 3883 343 3942 'stro
362 3879 481 3940 efficiat.
520 3867 699 3959 'Plerumque
721 3893 795 3938 vero
817 3875 912 3938 trihus
935 3891 1001 3937 eum
1024 3873 1169 3954 exemplis
1193 3871 1246 3950 uti,
1270 3871 1378 3953 quihus

279 3989 445 4053 sententias
467 4004 537 4050 suas
560 3993 711 4070 exponat,
735 3987 847 4067 primus
869 3985 984 4047 notavit
1005 3981 1099 4045 Henr.
1123 3981 1316 4052 Dueutaerus
1336 3987 1375 4060 ¹).

336 4193 364 4284 ’1)
383 4213 467 4266 ursin
486 4216 539 4274 unu
557 4217 704 4287 ttrtrttrung
723 4215 769 4270 te
787 4213 861 4271 ouen
881 4214 1007 4268 111111.
1030 4211 1105 4267 toto.
1125 4227 1150 4280 p.
1171 4211 1206 4266 ao
1224 4227 1280 4280 apt
