2976 4986
558 309 806 378 ..25-

131 496 328 560 contrarium
348 495 551 560 incurramus:
583 513 641 578 qua
656 491 703 590 ‘irl-
721 512 758 558 re
783 494 963 578 explicanda
992 494 1124 576 pluribus
1153 495 1244 560 artum

136 604 292 686 exemplis
309 611 344 684 ¹).
367 603 497 684 Etenim,
515 605 568 686 qui
585 604 725 668 brevitati
738 603 870 685 student,
890 606 922 668 in
945 603 1171 682 obscuritatem,
1191 606 1243 686 qui

135 713 238 776 nimio
256 708 404 778 omtionis
417 714 536 777 ornatui
551 729 674 794 opernm
690 713 762 775 dunt
778 719 818 793 2)’,
840 714 872 776 in
889 719 1008 776 tenuem
1021 719 1052 776 et
1069 717 1242 776 enervamur

133 837 328 896 sermonem,
344 822 394 902 qui
410 821 621 884 sublimitatem
635 827 801 898 sectantur,
821 821 852 882 in
866 827 1013 900 tumorem
1027 824 1068 898 et,
1087 819 1138 902 qui
1154 819 1243 882 nimis

136 928 237 992 anxie
257 928 391 992 inllatum
404 928 527 992 dioendi
541 945 639 1010 genus
659 929 755 992 vitare
775 927 889 1007 volunt3
909 928 941 992 in
961 927 1072 992 humile
1093 927 1242 990 delabun-

137 1041 192 1100 tur
211 1041 257 1116 ³).
286 1038 352 1113 Qui
378 1037 509 1120 denique
530 1037 654 1100 lectoris
673 1037 842 1100 delectandi
860 1035 953 1100 eausa
973 1053 1064 1100 unam
1087 1037 1242 1102 materiam

136 1145 262 1210 variare
278 1145 310 1208 et
326 1145 507 1226 amplificare
523 1152 681 1224 conantur,
699 1152 825 1208 naturae
844 1145 966 1224 omnino
982 1145 1134 1208 contraria
1152 1145 1242 1226 atquo

136 1255 242 1336 inepta
262 1253 381 1333 dicunt,
402 1273 491 1336 quum
513 1256 630 1336 piscem
651 1255 683 1316 in
706 1254 811 1317 silvanr
833 1261 865 1318 et
886 1251 1057 1336 quadrupes
1078 1251 1258 1319 animalia

143 1379 252 1444 aquam
273 1363 478 1426 transierant·
509 1364 593 1444 llrgo
624 1361 707 1425 aliud
734 1360 837 1425 vitium
861 1363 982 1426 vitaturi
1003 1362 1036 1424 in
1056 1359 1136 1423 aliud
1160 1359 1242 1454 inol-

147 1470 261 1549 dimus,
291 1471 350 1534 nisi
379 1470 459 1534 artis
481 1472 607 1534 scientia
631 1471 711 1535 duoti
735 1470 853 1534 felicem
876 1469 1024 1551 quandam
1045 1469 1243 1532 mediocrita-

144 1584 206 1640 tem
228 1568 331 1642 tene're
352 1581 513 1662 possimus.
557 1581 750 1661 Quantopere
773 1596 849 1642 vero
876 1580 949 1642 ortis
971 1577 1111 1640 doctrina
1133 1579 1240 1660 requi·

144 1693 239 1763 ramr,
261 1705 349 1770 quum
370 1689 501 1752 maxime
529 1690 561 1752 in
590 1695 656 1752 toto
682 1705 775 1770 opere
796 1687 982 1769 perficiendo
1002 1690 1151 1766 cernitur,
1178 1700 1239 1769 quo

144 1775 269 1878 quidem
303 1795 372 1860 loco
403 1795 521 1878 plurimi
551 1797 715 1878 scriptores
746 1796 785 1860 ad
821 1799 940 1860 inritum
977 1796 1090 1860 cadero
1131 1795 1240 1858 soloni.

141 1902 284 1968 illenim
304 1905 353 1967 vel
373 1887 490 1968 intimus
512 1903 601 1968 inber
628 1905 789 1968 statuarius
809 1903 946 1986 singulas
968 1901 1109 1987 eorporis
1128 1909 1242 1985 partes,

141 2015 175 2074 ut
193 2027 312 2094 ungues
333 2019 364 2076 et
381 2013 520 2094 capillos,
541 2013 622 2078 bene
636 2013 806 2096 exprimere
823 2012 931 2097 possit,
953 2013 985 2076 in
1006 2028 1121 2076 sumum
1139 2017 1243 2074 tamen

197 2333 224 2401 ι)
244 2331 284 2384 or.
305 2331 392 2396 onina
413 2317 480 2400 mu,
496 2337 525 2404 3,
546 2337 589 2392 so.

193 2453 222 2526 2)
239 2454 270 2508 v.
281 2454 316 2508 26
332 2454 400 2508 leuia
416 2457 442 2508 id
465 2467 506 2512 ost
523 2459 650 2528 tempato,
660 2461 783 2530 expolite
798 2452 843 2530 (τὰ
856 2460 927 2532 loto)
938 2459 1018 2510 unice
1032 2470 1094 2510 uem
1113 2455 1240 2524 sortpmm

240 2556 289 2602 est.
314 2547 354 2602 tte
374 2565 437 2602 vero
456 2568 513 2608 oum
530 2553 649 2606 Bentlelo
666 2553 755 2622 legas:
776 2553 847 2606 lenio
863 2553 890 2604 id
908 2558 948 2606 est
964 2551 1062 2617 mollio,
1078 2551 1180 2620 sanita,
1198 2549 1238 2602 le-

239 2629 309 2698 niter
325 2648 440 2716 fluentia,
461 2651 530 2718 qnod
548 2651 598 2702 lam
610 2650 663 2704 Fen
679 2651 753 2715 vidit,
772 2652 816 2721 qui
833 2659 919 2702 recte:
939 2651 999 2702 Non
1015 2649 1057 2700 laio
1075 2647 1177 2710 tenum,
1194 2646 1238 2696 in*

241 2742 315 2810 quit,
333 2753 357 2794 et
373 2745 411 2796 vis
430 2756 592 2814 opponuntur
610 2749 644 2800 ab
665 2749 783 2814 Horatio,
807 2749 853 2800 sed
871 2749 954 2799 nimio
971 2746 1061 2798 levitas
1080 2751 1104 2794 et
1123 2743 1168 2793 ois.
1186 2742 1237 2792 Se-

241 2845 352 2888 ctontem
371 2833 455 2891 levin:
475 2843 518 2908 qui
536 2843 629 2895 nimius
655 2851 692 2895 est
700 2845 741 2895 ἀπ
762 2844 928 2913 emetiendis,
947 2839 1089 2910 levigandis
1110 2837 1237 2887 carmini-

240 2929 286 2980 bus
304 2939 350 2980 aut
370 2931 492 2997 versitas,
514 2935 558 3002 poi
575 2935 623 2988 'eoa
641 2943 755 3000 merent,
777 2937 870 2987 inanes
886 2935 959 3003 [orit.
995 2933 1035 2985 (ll.
1057 2933 1182 3004 Obbariup
1207 2931 1234 2980 ln

240 3022 385 3078 Zimmerm.
404 3026 514 3093 Ephem.
534 3030 614 3083 1836.
637 3047 662 3098 p.
683 3029 761 3084 688:
782 3026 891 3083 'Politor
906 3030 961 3082 end
979 3030 1079 3093 (ticillo,
1097 3028 1178 3081 moles*
1194 3027 1236 3078 die

242 3117 317 3170 Glutlr
331 3118 452 3172 oerloren
468 3123 535 3190 pelet.
571 3123 665 3177 Noster
682 3124 756 3177 locus
775 3125 925 3177 inlustratur
943 3125 993 3177 alio
1011 3126 1077 3192 Epp.
1091 3125 1124 3189 ll,
1136 3125 1162 3188 2,
1176 3124 1235 3176 122.

240 3225 317 3281 quem
338 3213 451 3270 Orellius
477 3218 544 3271 bene
563 3222 690 3287 exposuit.
726 3222 783 3274 lllea
800 3222 927 3273 sententia
944 3229 1080 3288 prnetarea
1097 3219 1241 3272 confirma-

242 3315 283 3360 tur
310 3308 375 3367 locis
394 3315 479 3378 Quint.
500 3318 531 3380 V,
553 3319 594 3370 12.
612 3318 679 3381 Vlll,
696 3317 722 3380 3,
740 3316 765 3368 6.
785 3327 812 3368 et
829 3317 883 3368 Cio.
905 3317 939 3368 do
956 3317 1024 3369 Orat.
1043 3317 1088 3379 ΙΙΙ,
1107 3316 1151 3380 52,
1173 3314 1234 3366 201.

242 3400 283 3454 cl.
303 3404 451 3458 Goellarum
471 3407 505 3458 ad
522 3408 576 3460 Cio.
600 3409 643 3462 Or.
651 3409 687 3476 sp.
705 3409 759 3462 334
775 3426 832 3478 sqq·
868 3409 1002 3462 Paldamua
1022 3410 1049 3458 in
1066 3406 1152 3460 Jahnii
1170 3406 1235 3470 Nou.

241 3497 309 3560 Anu.
320 3506 337 3550 t.
351 3500 430 3552 xxll.
449 3499 560 3568 pulo:
578 3503 709 3567 Hoolooo,
729 3504 820 3572 inquit,
842 3501 983 3554 Amoldiaas
993 3509 1064 3552 reete
1078 3499 1146 3552 lenio
1153 3515 1236 3568 prae-

239 3589 298 3642 tulit
314 3609 347 3644 oo
365 3593 455 3646 melior
472 3594 595 3646 vocabulo
607 3594 727 3660 otniae,
741 3612 817 3663 qoam
829 3595 1009 3664 fliesoend,
1025 3596 1110 3646 sarto.
1137 3594 1235 3657 Quam-

241 3701 318 3754 quam
342 3697 402 3742 sunt
430 3689 482 3742 leci
510 3690 579 3758 apud
605 3691 759 3744 Ciceronem
785 3699 811 3742 et
838 3690 1037 3756 Quintilianum,
1056 3690 1099 3740 ubi
1121 3689 1191 3742 lenia
1209 3693 1235 3740 et

239 3781 310 3836 vires
333 3783 383 3836 sibl
413 3793 595 3854 opponuntur,
620 3785 670 3838 hoc
697 3793 782 3838 tumen
807 3785 866 3838 loco
885 3785 953 3838 levio
977 3784 1139 3837 retinendum
1163 3791 1236 3851 puto,

239 3892 320 3945 quum
347 3879 380 3930 (le
407 3882 609 3948 perspicuitate,
635 3891 726 3935 ornatu
752 3882 821 3934 virili
838 3891 864 3933 et
880 3881 1045 3945 sublimitate,
1064 3880 1145 3932 tribus
1157 3895 1236 3946 prae-

240 3973 324 4040 cipuis
341 3975 464 4028 orationis
485 3977 632 4042 uirtutibus,
645 3986 744 4046 agatur.
775 3978 816 4032 ct.
827 3977 916 4030 Jacob.
932 3976 950 4027 l.
969 3976 986 4028 l.
1005 3994 1030 4044 p.
1047 3974 1086 4030 46
1102 3991 1141 4046 sq.
1167 3976 1236 4048 (sivo

240 4067 268 4118 in
286 4069 362 4136 epist.
382 4069 415 4121 ad
432 4071 599 4124 Benedictum
620 4071 786 4128 Wllhalmum
806 4075 902 4143 scripta
921 4071 1010 4144 1836.)

192 4167 222 4243 s)
241 4169 282 4224 or.
303 4171 389 4240 onor.
407 4174 464 4244 mr,
484 4173 527 4244 ιο,
548 4177 589 4231 m.
607 4176 650 4232 ao.
