2976 4986
678 284 927 354 ..26-

256 474 359 556 open's
389 469 496 534 infelix
527 469 654 548 ectasi
681 471 767 533 artis.
786 467 924 566 doctrice
943 487 1068 535 uorans
1096 475 1190 536 aton
1224 469 1359 536 amre
1473 483 1474 494 ¹

250 584 396 659 nescio).
436 579 501 642 Neo
533 597 608 670 reru
623 577 753 644 suffieit.
773 577 909 659 singutas
936 567 1080 643 carminis
1108 585 1210 658 partes
1240 597 1359 664 sunpnra

250 707 323 752 oram
338 694 404 752 arte
425 687 586 768 perteue,
607 685 663 751 sed
682 692 777 750 toturn
795 686 939 752 omuibus
958 689 1092 752 annuis
1107 687 1292 754 'absolutum
1305 688 1359 752 fiat

250 803 397 879 oportet:
417 813 486 858 nam
508 811 648 878 carnea,
671 795 757 860 eruas
770 794 856 858 ‘aliae
882 801 984 876 partes
1006 796 1104 874 bene,
1127 795 1205 860 aliae
1224 797 1359 876 pessime

249 911 321 969 sant
342 904 509 986 expositae,
525 902 643 966 homini
664 902 761 966 sinite
779 909 837 982 est,
860 904 911 984 qui
941 908 1043 966 catera
1065 905 1209 983 corporis
1224 905 1358 966 membra

249 1012 468 1094 prdcberrimus
497 1029 574 1074 naso
607 1011 736 1076 deinum
768 1013 809 1074 ita
839 1010 1041 1091 depravatur,
1073 1019 1105 1074 ut
1141 1027 1249 1078 ouutea
1288 1031 1357 1076 etim

248 1119 443 1186 abhorreant
495 1118 613 1193 Quodsi
643 1120 836 1212 quaerimus,
868 1119 939 1198 quid
960 1119 1164 1198 potissimum·
1179 1120 1240 1197 sit,
1256 1121 1355 1201 ‚quud

252 1228 418 1310 scriptores
440 1219 603 1310 impediat,
625 1227 782 1308 pominus
802 1232 895 1293 totana
916 1227 1035 1306 possim
1057 1243 1263 1307 componere,
1283 1229 1353 1312 pter

250 1337 348 1418 rique,
368 1353 457 1417 quarm
478 1342 576 1400 sanet
598 1336 681 1415 ipsos
696 1335 818 1400 minime
838 1341 978 1414 noscant,
996 1335 1119 1418 opinata
1137 1337 1261 1417 ingenie
1280 1335 1351 1400 ireti

249 1425 345 1526 opera
374 1443 560 1525 suscipiunt,
588 1460 666 1526 quae
694 1445 776 1508 vires
795 1444 932 1524 ipserum
953 1443 1114 1510 excedunt
1157 1445 1351 1524 νοω,ηώ

250 1569 319 1616 rear
330 1552 388 1616 sibi
401 1533 562 1632 sumpserit
573 1550 759 1617 tractandam
774 1551 889 1616 viribus
903 1552 1173 1630 accommodatam,
1188 1553 1228 1632 is,
1245 1567 1354 1632 otrem÷

253 1660 414 1726 admodum
429 1663 568 1724 oratione
585 1675 653 1724 eam
670 1667 811 1740 exponat,
830 1677 896 1724 uon
911 1660 1059 1739 haerebit,
1075 1678 1260 1744 neque,..qu0
1281 1661 1354 1726 toea

253 1769 376 1852 singula
399 1767 492 1846 dicat,
514 1767 693 1850 ignorabit.=
780 1811 786 1820 ·
1183 1826 1187 1834 .

252 1927 266 1940 ..
338 1876 555 1960 Quamobrem
579 1875 745 1945 Horatius
775 1882 897 1960 peona
922 1877 1138 1958 adimitur,
1160 1883 1216 1956 at,
1230 1879 1352 1960 :priua

254 2004 351 2072 pauor
370 1985 1028 2067 adscribendrmscsecunseroot,-rera,
1048 2005 1144 2073 puoto
1165 1989 1350 2052 mearet

254 2100 334 2170 sint,
355 2099 488 2177 penitus
511 2101 721 2178 capnoscoot,
747 2095 831 2158 unde
864 2094 996 2159 lucidus
1017 2095 1099 2160 ordo
1122 2093 1222 2158 simul
1244 2101 1279 2158 et
1297 2092 1355 2174 su-

252 2202 373 2266 cundia
393 2190 561 2286 sequatur.
583 2209 627 2277 (v.
649 2200 690 2262 38
712 2217 808 2281 usque
828 2199 867 2262 ad
887 2218 917 2263 v.
939 2200 1046 2278 793⁷)

334 2309 401 2370 lioc
421 2307 490 2370 loco
512 2312 603 2390 po'e'ta
622 2309 742 2370 minime
764 2309 802 2370 de
823 2310 949 2372 materia
969 2295 1113 2390 eligenda
1135 2308 1276 2388 larpritur,
1296 2303 1354 2368 sed

251 2423 311 2486 bac
333 2441 368 2486 re
389 2431 530 2506 tauquam
547 2427 735 2504 transitione,
752 2443 810 2506 qua
826 2425 865 2488 ad
887 2424 1089 2512 elocutionem
1101 2425 1269 2505 perveniat,
1286 2424 1353 2485 uti-

252 2537 310 2594 tur.
351 2531 479 2596 Primum
502 2533 643 2614 quidem,
673 2553 731 2616 qna
753 2536 784 2596 in
809 2549 844 2596 re
864 2533 982 2596 lucidus
1004 2533 1081 2596 ordo
1105 2539 1256 2609 cernatur,
1279 2531 1354 2593 bre-

255 2642 335 2704 viter
356 2643 480 2722 exponit
504 2650 615 2724 (nsque
634 2643 673 2705 ad
690 2661 720 2738 a.
735 2641 814 2722 di).
857 2641 976 2706 Deinde
998 2633 1170 2706 facundiam
1193 2642 1224 2703 in
1246 2641 1354 2721 singu-

278 2927 281 2934 ’
308 2919 336 2991 i)
355 2918 385 2970 V.
399 2915 443 2971 32.
463 2917 585 2991 Quamuis
604 2917 696 2970 lectio:
713 2919 789 2986 sober
805 2917 920 2992 imasab
934 2915 1033 2969 Orellio
1053 2923 1079 2967 et
1097 2913 1241 2982 aripert-ime
1260 2909 1347 2960 eLin-

358 3011 485 3064 demunno
507 3020 612 3063 auctore
629 3012 748 3064 Bentleio
767 3013 865 3065 reiecta
878 3020 904 3064 et
923 3011 1028 3080 copioso
1047 3013 1094 3061 sit:
1114 3023 1163 3077 ego
1180 3016 1265 3057 tantur
1282 3019 1349 3064 earn,

349 3106 447 3174 quippe
468 3121 534 3174 quac
553 3105 685 3174 plerisque
708 3115 734 3158 et
752 3108 856 3174 optimis
875 3106 979 3174 quidem
998 3105 1131 3156 codicibus
1150 3101 1281 3170 probetur,
1299 3111 1351 3146 una

350 3215 410 3252 cum
430 3200 598 3254 mactaretur
626 3203 740 3254 retinere
771 3201 857 3254 nulius
882 3201 1064 3254 dubitaverint.
1103 3200 1151 3250 tlte
1170 3197 1237 3248 eni-nt
1260 3201 1348 3245 recte:

259 3335 262 3342 -
351 3293 463 3348 Faber
481 3297 570 3367 imur,
590 3297 682 3363 inquit,
701 3313 765 3359 nott,
779 3281 822 3364 poi
832 3297 911 3350 amm
927 3314 972 3348 seu
982 3296 1098 3348 ultimum
1116 3294 1192 3348 toto
1207 3293 1350 3354 tabernam,

349 3388 395 3440 aed
415 3390 499 3456 foder,
516 3392 560 3457 φη·
577 3397 676 3442 tontum
694 3392 773 3455 odeat,
788 3401 816 3442 ot
835 3392 944 3458 insipat}
957 3392 998 3455 sit,
1015 3400 1045 3442 att
1057 3391 1156 3456 tafioto
1173 3389 1250 3438 straet
1267 3395 1354 3437 tuanen

348 3489 437 3550 partes
461 3491 531 3534 recte
555 3485 669 3552 offiopot.
716 3485 825 3536 Faber
843 3486 1028 3553 inattsigitur
1053 3485 1120 3534 inter
1146 3481 1266 3543 uitiatus,
1290 3480 1351 3530 ini-

349 3591 407 3630 mos
427 3578 534 3645 opifices
556 3580 708 3640 reserandus
727 3580 772 3650 (ef.
793 3579 868 3632 Oatt.
884 3581 954 3632 Fast.
975 3581 1007 3644 ll,
1020 3581 1074 3648 aa.)
1093 3581 1143 3630 troc
1162 3576 1222 3626 ioco
1241 3591 1292 3626 non
1312 3583 1351 3627 est

350 3667 415 3734 itte,
436 3673 479 3738 qui
497 3671 638 3726 vilissimus
658 3675 770 3724 oninium
796 3673 923 3736 habetur,
952 3673 998 3723 eud
1018 3667 1134 3738 vulgaria
1162 3672 1237 3722 fabar
1257 3670 1350 3738 aliquis

349 3766 478 3833 putandus
498 3777 547 3832 est,
566 3777 594 3820 ut
616 3785 665 3820 nos
681 3769 808 3820 dicimus:
834 3770 909 3821 Aucta
931 3769 978 3820 der
995 3767 1194 3837 protendente
1218 3767 1349 3820 Ktiostier.

350 3861 405 3915 Nec
431 3878 495 3915 vero
513 3863 605 3915 vocab.
631 3881 698 3916 maus
725 3863 819 3930 aliquis
844 3866 926 3915 notari
948 3871 1050 3932 potest,
1070 3861 1138 3930 quod
1158 3861 1348 3916 lindemannus

350 3972 377 4008 u.
395 3957 420 4008 d.
446 3956 480 4007 de
504 3955 603 4010 Horatii
630 3965 687 4007 arte
705 3959 807 4024 poetica
821 3969 885 4026 part.
906 3959 926 4012 i.
944 3975 970 4028 p.
990 3960 1041 4022 21,
1072 3973 1150 4027 quoru
1177 3955 1269 4006 bibrum
1296 3956 1355 4005 eius·

350 4050 505 4118 benignitati
524 4049 617 4116 debeo,
628 4051 760 4110 ‚adstruat

306 4156 335 4227 2)
354 4153 441 4212 (ΞΗ.
460 4154 522 4208 311.
542 4163 569 4208 ct
587 4154 641 4208 Cic.
663 4155 695 4206 de
713 4153 782 4208 Orat.
805 4153 825 4220 l,
841 4154 880 4224 ii.
